2313 2979
797 96 1318 139 ---17--—

115 219 201 258 509.
227 216 380 256 XXIV.
405 214 489 254 54⁷.
541 210 586 251 Si
618 212 681 262 qui
711 210 970 263 patronymica
993 210 1114 249 forma
1138 210 1271 250 Wolfli
1300 212 1510 262 opinionem
1536 210 1706 263 adjuvari
1730 221 1875 262 putent,
1909 227 1981 251 non

111 292 257 332 semper
292 276 503 316 terminatio
534 275 575 313 in
611 277 689 313 ῖῑῖΰ
718 272 975 325 patronymica
1007 281 1072 310 est.
1126 273 1210 312 Nisi
1234 275 1330 311 forte
1355 273 1563 311 Vulcanum
1588 277 1880 312 κυλλοποδίονα
1905 291 1980 313 non

110 341 229 390 uvis,
254 341 318 379 ,αι
342 338 541 391 cynopdi
564 337 688 376 nmio
711 336 815 374 cuius
838 336 958 373 filium
982 348 1061 373 osse
1084 336 1283 375 existimas.
1333 336 1431 374 vide
1459 335 1626 376 walker.
1655 326 1791 375 Aah.
1817 338 1913 376 Tru.
1941 354 1977 389 p.

107 402 182 443 ⁵49
209 411 245 441 et
266 401 442 454 Freyug.
467 402 514 440 ad
542 400 625 439 h.1.

279 463 367 504 ⁵83.
403 463 531 512 Vulgo
563 463 665 511 ἡμῖν
698 461 854 510 legitur,
894 461 1006 498 etiam
1039 459 1081 497 in
1106 459 1239 498 Wolfii
1271 460 1441 499 editione.
1490 460 1600 498 Errat
1623 462 1721 498 enim
1747 461 1976 513 Spitznerus,

108 528 209 575 ἧμιν
231 526 418 575 Wolfium
442 526 582 563 dedisse
607 524 741 563 dicens.
792 522 867 561 Sed
902 522 1003 570 ἥμιν
1025 523 1221 570 legendum
1245 536 1346 569 esse,
1384 522 1492 560 hodie
1525 532 1673 561 constat.
1726 525 1822 563 Vide
1848 525 1972 565 Bekk.

106 589 147 627 iu
173 587 336 628 Censura
362 589 419 627 etl.
443 587 564 627 Wolf.
590 601 626 638 p.
654 587 737 625 166.
789 585 984 624 Thiersch.
1009 585 1050 621 in
1078 583 1242 625 Gramm.
1269 587 1298 632 ᾗ.
1323 585 1411 632 205,
1438 585 1496 630 18,
1521 586 1557 622 2.
1585 583 1768 635 Spitzner.
1798 586 1969 639 Freytag.

277 651 364 689 585.
413 650 614 699 Vulgatam
637 649 829 686 lectionem
868 649 914 685 ἐν
947 649 1060 694 χερσὶ
1090 647 1166 697 jam
1190 647 1363 698 Heynius
1388 648 1586 695 relegavit,
1623 662 1730 695 quem
1755 648 1970 699 Spitznerus

103 722 141 752 et
164 712 383 765 Freytagius
408 712 521 751 secuti
546 721 640 752 sunt.
693 709 782 751 cod.
810 710 906 749 Ven.
933 711 978 748 ἐν
1002 712 1105 757 χειρὶ
1129 710 1291 760 praebet,
1325 709 1429 746 cuius
1453 709 1620 746 lectionis
1645 719 1678 747 et
1700 711 1906 760 gravissimi
1933 724 1967 751 et

101 775 255 827 plurimi
276 784 441 815 auctores
465 776 505 812 in
529 775 677 813 scholiis
700 782 839 812 extant.
875 773 914 811 A
937 775 983 811 ἐν
1006 776 1109 819 χειρὶ
1133 776 1248 821 τίθει]
1274 772 1399 810 οὕτως
1419 775 1461 809 αἱ
1483 774 1761 820 Ἀριστάρχου,
1788 776 1831 811 ἐν
1853 780 1965 822 χειρί,

104 839 154 876 οὐ
178 841 454 884 πληθυντικῶς
480 838 527 875 ἐν
549 840 705 884 χερσίν.
741 836 890 882 ὁμοίως
913 839 982 873 καὶ
1009 835 1034 883 ἦ
1062 836 1378 882 Μασσαλιωτικὴ
1413 838 1482 871 καὶ
1515 835 1541 881 ἡ
1567 838 1823 883 Σωσιγένους
1846 840 1913 872 καὶ
1939 840 1961 883 ἠ

99 901 432 950 Ἀριστοφάνους·
470 903 635 948 συνᾴδει
671 900 712 936 δὲ
750 902 818 936 καὶ
848 899 892 936 τὸ
930 900 1224 947 ἐπιφερόμενον
1260 926 1281 943 ,‚
1291 899 1523 944 μειδήσασα
1558 899 1600 936 δὲ
1638 900 1777 936 παιδὸς
1801 901 1962 940 ἐδέξατο

100 967 205 1009 χειρὶ
229 965 454 1001 κύπελλον“
484 965 539 1011 (v.
560 963 667 1011 594).
693 962 726 998 L
751 964 796 999 ἑν
820 965 922 1008 χειρὶ
946 964 1069 1009 τίθει]
1098 966 1220 998 πᾶσαι
1245 961 1382 998 ἑνικῶς
1407 962 1542 1006 ἔχουσι
1568 964 1611 998 τὸ
1638 966 1758 1009 χειρί,
1795 966 1843 999 οὐ
1868 967 1961 1010 πλη-

99 1028 309 1063 θυντικῶς.
348 1027 416 1062 καὶ
443 1027 607 1073 συνᾴδει
643 1028 700 1072 τῷ
733 1024 920 1069 ,ἐδέξατο
955 1025 1058 1070 χειρὶ
1093 1025 1322 1060 κύπελλον.“
1374 1022 1503 1071 Recte,
1538 1025 1710 1073 quoniam
1735 1039 1807 1062 una
1832 1039 1958 1062 manus

97 1089 229 1140 poculo
265 1088 439 1138 capiendo
472 1088 621 1126 sufficit.
670 1087 767 1125 Vide
801 1087 909 1125 etiam
935 1086 978 1124 Il.
1004 1085 1153 1124 XXIV.
1192 1087 1261 1124 101
1292 1086 1399 1133 ”Ηρη
1428 1087 1468 1123 δὲ
1495 1089 1666 1133 χρύσεον
1691 1090 1814 1126 καλὸν
1840 1091 1958 1126 δέπας

98 1153 143 1188 ἐν
167 1154 274 1197 χερὶ
300 1154 435 1197 θῆκεν.
488 1151 560 1189 Od.
579 1150 671 1187 XV.
698 1149 769 1186 148
794 1151 904 1187 οἶνον
931 1150 1040 1196 ἔχων
1064 1151 1107 1185 ἑν
1138 1152 1266 1195 χειρὶ
1301 1152 1528 1198 μελίφρονα
1554 1153 1827 1200 δεξιτερῇφιν,
1863 1166 1956 1198 χρυ-

25 1229 28 1231 ·
99 1214 179 1261 σέῳ
198 1215 242 1250 ἐν
261 1214 386 1250 δέπαϊ.
424 1211 633 1261 Singularis
658 1211 900 1249 restituendus
919 1220 973 1249 est
991 1212 1100 1249 etiam
1127 1212 1183 1249 his
1208 1212 1320 1249 locis:
1349 1212 1422 1250 Od.
1445 1212 1508 1249 Ill.
1532 1215 1588 1251 51.
1609 1213 1716 1251 VIII.
1740 1215 1821 1253 406.
1846 1215 1955 1252 Xlll.

97 1277 154 1316 57.
182 1275 273 1313 XV.
293 1276 374 1313 120.
401 1274 551 1313 XVIII.
577 1276 658 1312 152.
711 1272 848 1312 Contra
882 1274 1017 1326 plurali
1053 1288 1205 1312 numero
1237 1274 1350 1311 utitur
1375 1273 1560 1312 Homerus
1584 1276 1623 1312 in
1648 1291 1687 1313 re
1712 1278 1872 1330 majore:
1909 1278 1950 1315 Il.

96 1338 125 1376 I.
146 1338 230 1378 441.
250 1337 333 1375 446.
371 1337 510 1375 Confer
539 1337 711 1375 Vossium
735 1352 771 1386 p.
794 1339 877 1377 220.
922 1337 1021 1374 Male
1045 1337 1158 1385 igitur
1182 1336 1345 1374 Wolfius
1372 1337 1408 1374 h.
1428 1338 1453 1374 l.
1479 1339 1657 1387 pluralem
1682 1342 1853 1378 servavit.

131 1400 133 1403 ⁴
265 1400 351 1438 598.
397 1399 558 1448 Vulgata
591 1399 699 1435 lectio
739 1408 791 1436 est
828 1400 1013 1447 ᾠνοχόει,
1053 1412 1161 1448 quam
1195 1400 1411 1435 confirmare
1446 1413 1571 1437 omnes
1604 1402 1743 1440 codices
1768 1404 1947 1441 videntur.

95 1462 168 1502 Sed
193 1476 303 1512 qnam
324 1463 461 1511 exigua
487 1475 615 1499 eorum
641 1461 835 1498 auctoritas
859 1462 1017 1511 fidesque
1043 1462 1101 1508 sit,
1126 1461 1185 1497 vel
1211 1474 1259 1496 ex
1282 1461 1351 1496 hoc
1375 1475 1449 1499 nno
1475 1463 1553 1499 loco
1578 1466 1816 1513 cognoscitur.
1853 1467 1949 1505 Nam

94 1523 220 1563 Schol.
244 1524 284 1562 A
319 1525 516 1572 οἰνοχόει]
554 1522 679 1561 οὕτως
714 1525 885 1569 οἰνοχόει
914 1525 1173 1570 Ἀρίσταρχος
1204 1525 1360 1559 ’lancos--
1398 1528 1466 1561 καὶ
1500 1527 1543 1561 ἐν
1577 1530 1624 1574 τῇ
1646 1528 1854 1577 Ἀργολικῇ
1881 1536 1947 1567 καὶ

94 1590 407 1634 Μασσαλιωτικῇ
438 1589 507 1623 καὶ
532 1588 802 1633 Ἀντιμαχείᾳ)
833 1590 900 1623 καὶ
936 1588 980 1623 ἐν
1013 1590 1060 1633 τῇ
1088 1587 1313 1632 Ζηνοδότου
1338 1589 1405 1622 καὶ
1428 1588 1752 1636 Ἀριστοφάνους.
1795 1593 1827 1628 L
1852 1595 1946 1640 ᾠνο-

92 1651 193 1698 χόει]
220 1650 392 1696 οἰνοχόει
414 1649 555 1687 Ἰακώς
581 1652 721 1686 πᾶσαι.
749 1650 992 1696 κατάχρησις
1016 1650 1057 1686 δὲ
1085 1647 1106 1685 ὁ
1132 1649 1283 1695 τρόπος.
1321 1647 1396 1685 Tot
1420 1650 1598 1700 tantisque
1616 1653 1823 1692 auctoribus
1838 1655 1946 1693 Wol-

90 1716 160 1750 fius
184 1713 331 1761 quidem
353 1713 463 1749 fidem
491 1713 683 1760 denegavit
708 1722 742 1748 et
764 1714 823 1749 hic
857 1721 892 1749 et
919 1713 990 1749 Od.
1013 1712 1103 1751 XV.
1128 1711 1220 1758 141,
1257 1712 1320 1748 sed
1351 1712 1511 1749 obsecuti
1543 1716 1618 1764 jam
1650 1726 1732 1753 sunt
1761 1717 1943 1769 Heynius,

92 1773 321 1826 Spitznerus,
348 1772 581 1825 Freytagius.
619 1773 728 1813 Cous.
754 1774 947 1813 Thiersch.
975 1775 1015 1812 in
1041 1774 1201 1813 Gramm.
1231 1776 1263 1820 §.
1286 1774 1371 1822 209,
1395 1775 1455 1811 21.
