2313 2979
983 113 1506 158 dnb-

477 230 564 271 350.
599 229 700 278 Quid
724 228 912 267 Wolfium
936 228 1138 280 impulerit,
1163 237 1204 267 ut
1223 230 1303 268 θίν’
1333 227 1520 275 scriberet,
1546 227 1681 267 nescio.
1715 230 1795 267 91.ss
1823 235 1887 267 est'
1900 227 2008 266 lectio
2036 226 2175 266 scholt-

300 291 381 329 BL.
403 293 486 333 cod.
507 292 605 331 Ven.
624 300 672 339 et,
696 300 739 329 ut
763 292 922 340 videtur,
952 292 1118 330 omnium
1138 291 1329 331 librorum.
1379 289 1504 329 Testis
1528 289 1628 329 adest
1653 290 1763 329 etiam
1787 291 1941 342 interpr.
1963 303 2020 342 ap.
2038 289 2177 337 Bekk„

301 355 364 404 qui
387 355 438 392 ita
463 356 584 393 locum
609 354 749 392 reddit:
793 356 1006 397 ἐκαθέξετο
1038 356 1117 391 ἐπὶ
1146 356 1234 393 τὸν
1257 355 1493 403 αἰγιαλὸν
1523 358 1595 401 τῆς
1617 357 1763 400 λευκῆς
1786 356 2003 400 θαλάσσης.
2052 351 2177 402 Spitz-

301 430 412 454 nerus
437 424 623 466 comparat
649 415 724 454 od.
749 416 814 455 VI.
841 418 915 455 236
941 416 1041 459 ἕξετ’
1078 415 1198 454 ἔπειτ’
1237 419 1444 455 ἀπάνευθε
1477 418 1580 455 κιών
1613 417 1695 454 ἐπὶ
1732 418 1849 453 θῖνα
1884 417 2108 462 θαλάσσης,
2144 421 2178 452 et

301 480 423 516 laudat
448 478 494 516 Il.
520 478 631 517 XIII.
657 480 741 519 281.
768 479 882 516 XIV.
906 479 993 518 437.
1029 479 1104 518 Od.
1129 478 1222 517 XII.
1251 482 1333 518 1⁷1.
1371 478 1502 527 Quint.
1528 478 1608 516 Sm'.
1636 478 1685 519 V.
1707 479 1767 516 86.

476 542 548 579 351
585 547 722 589 χεῖρας
755 542 920 589 ὀρεγνύς
949 549 1098 578 tuentur
1125 539 1171 578 Il.
1196 540 1290 580 XV.
1325 540 1579 579 371.·XX11.
1605 544 1668 580 37.
1718 542 1791 579 Od.
1818 541 1890 579 lx.
1917 541 2004 579 52⁷.
2042 539 2174 578 Video.

301 603 458 650 Verum,
485 604 518 640 si
542 618 584 641 ea
611 605 718 641 lectio
742 604 818 656 jam
844 604 882 640 in
906 603 1065 652 antiquis
1088 603 1195 642 libris
1219 604 1380 651 extabat,
1406 615 1541 653 quaero
1566 604 1653 654 quid
1678 617 1808 643 causae
1829 603 1954 651 fuerit,
1979 603 2074 652 quod
2094 602 2176 652 qui-

300 667 385 703 dam
418 680 456 713 χ.
479 668 695 714 ἀνασχών,
730 667 942 705 zenodotus
966 679 1012 712 ·χ.
1036 667 1220 705 tirannis
1245 667 1449 706 scriberet?
1498 665 1551 704 Ut
1581 667 1698 705 libere
1731 668 1851 706 dicam
1885 667 1972 717 quid
2006 665 2173 711 sentiam,

302 730 486 767 ἀναπτάς
508 744 596 768 vera
618 730 710 767 mihi
734 729 880 768 videtur
903 728 1033 776 lectio,
1069 742 1180 778 quam
1215 743 1300 767 cum
1334 734 1427 766 non‘
1447 728 1714 767 intellexissent
1739 730 1895 768 seriores
1919 728 2061 776 critici,
2096 734 2172 764 non

301 792 402 829 enim
437 793 702 839 meminerant,
736 792 850 830 verba
889 792 1111 838 πετάννυμι
1160 801 1196 830 et
1230 794 1399 838 πέτομαι
1433 805 1454 829 a
1479 790 1595 841 poetis
1629 790 1813 830 interdum
1838 792 2014 829 confundi
2055 790 2170 837 (conf.

301 853 441 893 Buttm.
469 855 633 893 Gramm.
662 854 712 892 11.
739 868 775 894 v.
804 856 1070 903 πετάννυμι),
1102 854 1144 892 in
1175 854 1466 893 emendationem
1487 853 1587 892 versi
1610 862 1707 893 sunt.
1755 855 1879 904 Atque
1903 854 2095 899 ἀνασχὼν
2120 861 2173 890 est

299 930 447 961 eorum,
485 919 549 966 qui
573 931 649 955 non
674 919 748 955 sint
772 918 852 954 ausi
878 918 950 955 nisi
975 918 1187 969 syllabatim
1218 931 1240 955 a
1265 931 1353 955 vera
1380 917 1535 953 lectione
1559 917 1739 954 ἀναπτὰς
1763 918 1941 954 recedere.
1994 915 2068 954 Sed
2092 917 2172 953 fue-

299 987 386 1016 runt
411 979 543 1028 etiam,
577 981 640 1030 qni
659 979 851 1018 ¹Zenodoti
875 979 1069 1019 lectionem
1093 988 1129 1018 et
1153 988 1251 1019 recte
1274 979 1520 1032 perspicerent
1544 987 1579 1018 et
1599 987 1801 1018 servarent.
1838 979 1965 1019 ‘Cuius
1990 979 2045 1018 rei
2070 978 2171 1018 testi-

298 1043 424 1079 monio
448 1053 532 1080 sunt
556 1045 670 1081 verba
696 1044 847 1093 interpr.
875 1058 931 1093 ap.
958 1043 1080 1082 Bekk.
1108 1045 1177 1081 τὰς
1199 1048 1334 1091 χεῖρας
1359 1044 1684 1080 ἀναπετάσας.
1734 1042 1961 1094 §necui-runt
1981 1042 2049 1080 alii
2077 1043 2168 1079 loci:

300 1102 340 1140 ll.
367 1103 436 1144 IV.
460 1106 546 1143 523.
572 1105 685 1144 XIII.
713 1106 793 1144 549.
821 1105 935 1143 XXI.
964 1106 1046 1144 115.
1075 1105 1150 1147 Od.
1172 1105 1245 1145 XI.
1270 1106 1356 1145 392.

473 1169 556 1206 381.
593 1167 718 1206 Schol.
743 1168 780 1205 A
807 1169 891 1205 ἐπεὶ
917 1171 1030 1215 μάλα
1055 1171 1093 1205 οἱ
1117 1172 1235 1218 φίλος
1260 1169 1348 1218 ἦεν]
1375 1170 1586 1221 ιΣέλευκός
1618 1175 1747 1218 φησιν
1772 1170 1817 1206 ἐν
1845 1173 1893 1217 τῇ
1918 1172 2077 1217 Κυπρίᾳ
2101 1171 2170 1206 καὶ

296 1234 483 1279 Κρητικῇ,
519 1232 622 1268 ἐπεὶ
643 1233 704 1276 ,ρά
731 1233 790 1268 νύ
815 1235 858 1268 οὶ
886 1235 1031 1281 φίλος
1057 1233 1164 1280 ἦεν.
1203 1235 1273 1270 καὶ
1299 1226 1499 1280 Θεαγένης
1523 1233 1558 1269 δ’
1587 1232 1694 1269 οὕτω
1720 1234 1986 1280 προφέρεται.
2024 1234 2169 1270 ἀπίθα-

296 1307 370 1330 νον
397 1296 476 1342 γὰρ
502 1295 545 1331 τὸ
573 1295 594 1331 ὁ
620 1296 663 1331 δὲ
689 1308 740 1331 νυ
766 1298 859 1332 λίαν
885 1298 1001 1344 φίλος
1027 1296 1110 1342 ἦεν.
1154 1294 1345 1333 Habemus
1366 1295 1428 1332 hic
1451 1294 1701 1333 testimoninm
1727 1295 2063 1345 antiquissimarum
2089 1296 2167 1333 edi-

295 1356 461 1405 tionum,
499 1372 592 1407 qnae
627 1366 744 1396 aetate
778 1359 924 1396 criticos
949 1358 1228 1397 Alexandrinos
1261 1358 1488 1398 antecedunt.
1539 1356 1710 1407 Quarum
1737 1358 1944 1396 auctoritati
1968 1359 2166 1408 obsequen-

294 1418 383 1456 dum
407 1419 577 1457 arbitror.

471 1482 568 1521 Tres
593 1485 767 1523 lectiones
792 1500 829 1525 v.
855 1487 929 1524 393
952 1487 1180 1524 offeruntur:
1216 1486 1318 1534 ἑῆος,
1354 1486 1456 1533 ἑῆος,
1495 1485 1587 1523 ἑοῖο.
1636 1483 1745 1523 Hanc
1769 1484 1950 1523 Zenodoti
1976 1486 2166 1523 lectionem

294 1544 442 1595 (Schol.
464 1545 523 1595 A)
556 1548 658 1587 codd.
700 1547 804 1587 Cant.
832 1548 937 1586 Vrat.
965 1551 1000 1589 1.
1023 1549 1186 1587 vindob.
1210 1549 1409 1599 praebent,
1447 1562 1561 1598 eaque
1584 1547 1629 1588 Il.
1663 1547 1754 1589 XV.
1784 1549 1867 1589 138.
1900 1548 2052 1587 XXIV.
2080 1548 2164 1588 422.

293 1610 367 1646 550
391 1609 498 1647 redit.
548 1609 662 1648 Istam
695 1625 823 1649 veram
859 1621 894 1649 et
918 1611 1157 1649 Homericam
1193 1625 1271 1649 esse
1297 1611 1383 1649 inde
1408 1612 1563 1661 colligo,
1601 1611 1697 1661 quod
1721 1620 1848 1663 poetae
1874 1611 2005 1649 Graeci
2029 1626 2166 1662 prono-

294 1671 396 1708 mina
432 1673 560 1710 tertiae
594 1688 771 1723 personae
806 1676 902 1712 haud
936 1675 987 1712 ita
1020 1688 1108 1712 raro
1134 1675 1179 1711 de
1203 1675 1323 1724 prima
1349 1683 1385 1711 et
1408 1676 1520 1712 altera
1545 1688 1699 1724 persona
1724 1682 1955 1723 usurparunt.
2008 1673 2167 1712 Consule

293 1733 479 1772 WVolfium
501 1735 540 1771 in
559 1735 733 1785 Prolegg.
754 1751 789 1787 p.
805 1739 879 1774 247
900 1750 999 1787 seqq.
1019 1736 1171 1774 Passov.
1197 1737 1238 1773 in
1259 1737 1335 1773 lex.
1354 1750 1389 1773 v.
1411 1737 1485 1783 ἑός,
1511 1736 1553 1774 ὃς
1563 1740 1602 1782 C,
1620 1743 1744 1786 σφεῖς,
1759 1738 1960 1787 σφέτερος,
1979 1734 2165 1776 Schaefer.

292 1798 337 1833 ad
365 1797 477 1845 Greg.
506 1797 589 1835 Cor.
617 1814 653 1848 p.
679 1799 774 1846 470,
808 1798 951 1849 Spohn.
977 1801 1022 1836 ad
1045 1799 1135 1836 Hes.
1165 1800 1239 1849 Op.
1266 1801 1329 1839 56.
1354 1800 1465 1839 Voss.
1498 1801 1544 1837 ad
1572 1800 1607 1836 h.
1633 1800 1672 1836 in
1697 1799 1782 1837 Cer.
1807 1801 1881 1836 103
1906 1808 1940 1836 et
1965 1800 2003 1836 in
2031 1798 2163 1839 Sched.

293 1859 389 1897 critt.
415 1859 466 1899 11.
492 1874 529 1911 p.
551 1862 620 1898 116
646 1875 718 1912 seq.
760 1861 899 1900 Contra
925 1862 1080 1900 duarum
1106 1863 1263 1900 aliarum
1284 1862 1482 1900 lectionum
1509 1862 1644 1912 exig'na
1670 1872 1733 1900 aut
1757 1863 1857 1900 nulla
1881 1863 2076 1901 auctoritas
2101 1874 2162 1905 est.

291 1923 389 1961 Nam
418 1924 509 1969 ἑῆος
535 1938 556 1961 a
580 1925 782 1963 serioribus
807 1927 956 1963 demum
981 1926 1118 1963 criticis
1142 1927 1269 1963 fictum
1294 1939 1384 1972 esse,
1421 1925 1560 1962 Buttm.
1589 1926 1645 1972 (in
1671 1925 1773 1963 lexil.
1801 1925 1832 1964 Ῑ.
1859 1939 1895 1975 p.
1914 1926 1963 1963 85
1984 1929 2077 1975 seq.)
2104 1928 2164 1964 de-

291 1988 520 2025 monstravit.
549 1980 640 2035 ἓῆος
660 1997 782 2026 autem
807 1988 854 2026 ob
878 1989 973 2027 hanc
996 2003 1143 2027 causam
1171 1989 1211 2026 in
1235 1989 1358 2027 locum
1381 1988 1550 2039 antiquae
1575 1989 1740 2027 lectionis
1763 1988 1945 2036 successit,
1967 1989 2055 2038 qnia
2074 1990 2164 2028 Ari-

289 2051 485 2099 stophanes
519 2060 553 2087 et
578 2052 817 2089 Aristarchus
851 2066 1050 2102 eorumque
1085 2053 1255 2102 discipuli
1290 2053 1481 2100 vulgarem
1515 2066 1602 2089 snae
1637 2053 1764 2089 aetatis
1789 2066 1895 2089 usum
1920 2053 2033 2088 secuti
2057 2054 2161 2090 illum

291 2113 431 2163 antiqui
457 2115 631 2165 temporis
658 2128 763 2152 usum
791 2115 1102 2166 reprehenderunt
1127 2124 1162 2153 et
1185 2115 1348 2163 relegare
1369 2115 1595 2153 studuerunt.
1645 2113 1772 2164 Itaque
1794 2115 1833 2152 in
1857 2114 1987 2165 priscis
2006 2114 2161 2154 Homeri

290 2185 325 2212 et
348 2176 503 2214 Hesiodi
525 2178 755 2215 carminibus
783 2192 838 2225 ea,
866 2192 958 2227 quae
983 2178 1057 2215 leni
1083 2179 1308 2215 correctione
1332 2177 1467 2214 mutari
1492 2186 1672 2228 poterant,
1709 2178 1910 2225 mutabant,
1947 2178 2031 2225 alia,
2071 2192 2162 2228 quae

290 2240 354 2275 tali
379 2241 571 2277 mutationi
593 2242 803 2287 obstabant,
829 2256 896 2291 pro
920 2241 1150 2291 interpolatis
1175 2241 1366 2279 habebant.
1420 2239 1510 2277 Inde
1531 2241 1668 2277 factum
1695 2249 1759 2286 est,
1785 2249 1825 2276 ut
1852 2240 1892 2278 11.
1922 2240 1947 2277 Ι.
1974 2241 2047 2278 496
2074 2255 2161 2278 παι-

289 2303 356 2337 δὸς
381 2302 449 2339 ἑοῦ
482 2303 578 2352 (filii
601 2303 710 2351 sui)
745 2304 790 2340 de
815 2303 963 2341 Achille
995 2303 1131 2340 dictum
1157 2304 1237 2340 loco
1263 2316 1337 2340 non
1362 2310 1575 2350 moverent,
1614 2302 1676 2339 sed
1712 2301 1781 2339 hoc
1810 2302 1891 2340 loco
1918 2303 2056 2340 παιδὸς
2081 2303 2161 2341 ἑοῖο

288 2365 385 2414 (tui
409 2366 507 2414 filii)
541 2367 585 2403 de
610 2367 738 2404 eodem
763 2367 910 2404 Achille
938 2367 1121 2416 prolatum
1147 2367 1382 2416 expellerent.
1433 2364 1573 2402 Eadem
1598 2364 1692 2401 ratio
1717 2373 1769 2402 est
1792 2366 1955 2403 locorum
1981 2365 2025 2402 Il.
2051 2366 2161 2405 Xlll.

286 2429 363 2466 522
388 2436 423 2465 et
447 2427 537 2467 XV.
567 2430 651 2476 138,
685 2429 724 2466 in
749 2429 881 2479 quibus
907 2430 951 2467 de
977 2429 1187 2479 Ascalapho
1212 2442 1332 2466 sermo
1358 2437 1422 2467 est.
1474 2427 1519 2465 In
1544 2426 1667 2478 priore
1692 2429 1776 2466 υἷος
1802 2429 1893 2473 ἑοῖο,
1919 2428 2002 2477 quia
2028 2443 2159 2479 prono-

287 2506 372 2530 men
399 2491 529 2529 tertiae
554 2506 731 2542 personae
755 2493 833 2531 vim
860 2492 980 2541 habet,
1017 2493 1278 2539 toleraverunt,
1314 2492 1353 2528 in
1380 2492 1507 2539 altero,
1544 2490 1628 2541 quia
1654 2492 1832 2530 secundae
1855 2504 2042 2542 personae,
2079 2493 2159 2531 ἑοῖο
