2313 2979
863 150 1352 189 —--7---—

286 274 291 279 ·
346 263 598 306 In'Zonoloti
621 263 781 301 aditione
808 265 950 308 μάντις
976 264 1020 299 Θ.
1045 262 1205 300 extabat.
1233 262 1463 299 Adveraatur
1486 264 1693 311 Zenodoto,
1717 274 1756 301 ut
1782 266 1885 311 solet,
1922 263 2045 302 Schol.

173 332 230 374 Δε
265 331 316 372 οὐ
338 322 574 368 δύναταιδὲ
600 328 659 376 τῷ
681 325 788 375 γένει
812 325 859 364 τὸ
882 324 987 362 εἶδος
1011 322 1101 372 ἅμα
1128 325 1501 375 συγκατατίθεσθαι
1555 324 1607 364 At
1632 340 1739 379 saepe
1764 327 1818 375 fit,
1855 335 1893 365 ut
1919 326 2045 379 generi

174 396 311 448 species
333 397 562 443 :pinnatum>
597 388 697 427 viae
714 388 758 428 ll.
780 387 810 429 Ι.
836 388 902 429 62.
926 386 977 428 Π.
1002 386 1074 426 144
1092 398 1167 437 aeqa
1193 389 1286 427 ³961
1301 387 1389 426 480.
1418 387 1486 426 111.
1512 389 1574 428 54.
1598 390 1668 430 IV.
1692 392 1752 429 49.
1779 391 1829 427 V.
1858 392 1942 428 122.
1960 393 2045 429 723.

174 456 286 499 XIV.
307 455 398 508 md
420 450 576 494 XXIV.
600 450 690 493 221·
723 448 850 492 ‘Nulla
882 449 998 501 igitur
1029 448 1168 490 idonea·
1194 463 1303 491 causa
1332 450 1457 500 adest,
1496 465 1562 490 cur
1585 451 1767 493 Zenodoti
1792 452 2044 493 auctoritatem

174 519 419 573 repudiemus.

344 580 415 621 Va.
436 581 501 618 73.
527 578 651 628 Quem
675 592 823 617 versum
848 577 919 616 hoc
941 577 1024 616 loco
1050 575 1226 616 editiones
1249 584 1397 616 nostrae
1422 579 1621 628 praebent:

606 640 634 677 ὁ’
664 646 763 690 σφιν
787 641 1027 690 ἐῦφρονὲων
1051 640 1280 688 ἀγορήσατο
1306 641 1376 676 καὶ
1401 641 1617 685 μετέειπεν,

176 707 346 747 omnibns
376 704 492 752 locis,
536 702 669 753 quibua
704 704 858 741 iteratur
893 702 963 752 (u.
996 702 1029 741 l.
1061 703 1137 742 2⁵3
1160 701 1209 740 Π.
1235 703 1295 742 78.
1320 702 1408 740 283.
1435 702 1522 742 Vll.
1549 705 1631 741 326.
1660 704 1742 741 367.
1771 703 1837 743 ῙΧ..
1864 705 1922 742 95.
1951 704 2044 743 XV.

174 770 261 809 285.
285 765 438 807 XVIII.
461 766 549 805 2⁵3.
574 764 648 806 Od.
674 764 724 806 ΙΙ.
751 766 833 806 160.
858 765 944 804 228.
971 763 1061 805 Vll.
1089 764 1172 807 158,
1198 763 1311 805 XVI.
1338 764 1424 803 399.
1452 764 1604 803 XXIV.
1634 767 1691 804 53.
1721 766 1839 816 453),
1877 766 2043 804 admoni-

175 833 313 869 tionem
337 839 400 869 aut
423 828 714 868 adhortationem
738 829 889 877 indicat,
922 842 1016 878 qnae
1040 829 1087 867 ad
1111 836 1223 866 totam
1245 828 1455 866 contionem
1481 829 1674 878 pertineat,
1712 844 1785 866 non
1812 831 1856 867 ad
1882 832 2041 878 singula-

175 907 254 934 rem
281 893 441 943 aliquem
465 891 666 932 hominem.
714 890 951 943 Quapropter
969 891 1092 930 facere
1113 903 1188 929 non
1205 904 1367 942 possum,
1392 891 1481 941 quin
1502 890 1635 939 iterum
1648 892 1829 930 Zenodoti
1851 893 2042 930 lectionem

452 989 454 991 ,
571 954 625 992 ὅς
649 968 719 1001 μιν
743 955 1012 1003 ἀμειβόμενος
1038 953 1138 991 ἔπεα
1163 955 1380 1001 πτερόεντα
1404 956 1627 1002 προσηύδα,

176 1020 419 1058 reducendam
444 1031 522 1056 ease
545 1017 715 1056 arbitrer.
762 1016 957 1068 Suppetiaa
984 1017 1057 1055 fert
1080 1016 1287 1054 simillimus
1313 1018 1439 1054 loeus:
1472 1018 1517 1056 ll.
1542 1018 1626 1055 Vll.
1655 1019 1748 1055 354:

398 1080 524 1125 ’'Hrozr
539 1078 611 1129 ὅγ’
642 1078 695 1116 ὣς
723 1079 850 1117 εἰπών
875 1080 1107 1123 ἐκαθέᾶετο·
1133 1083 1231 1116 τοῖσι
1256 1079 1289 1115 δ’
1316 1079 1467 1127 ἀνέστη

408 1146 490 1181 δῖος
509 1144 793 1188 Ἀλέξανδρος,
824 1142 990 1188 Ἑλένης
1015 1136 1128 1179 πόσις
1152 1143 1367 1187 ἠϋκόμοιο·

408 1207 461 1243 ὅς
491 1219 576 1252 μιν
607 1205 945 1253 ἀμειβόμενος
971 1204 1088 1242 ἔπεα
1115 1206 1385 1252 πτερόεντα
1411 1207 1688 1251 προσηύδα·

405 1269 604 1316 Ἀντῆνορ
628 1287 675 1296 -
700 1288 749 1296 —

350 1332 412 1370 80.
445 1334 645 1380 κρείσσων
674 1332 753 1380 γὰρ
785 1332 974 1380 βασιλεὺς
1006 1331 1118 1380 vulgo
1142 1330 1285 1379 legitur.
1347 1328 1422 1369 Sed
1447 1329 1659 1368 zenodotus
1684 1340 1718 1368 et
1743 1331 1801 1367 hic
1828 1341 1862 1368 et
1886 1331 1955 1370 lu.
1981 1335 2038 1375 71,
2089 1304 2241 1388 :Aruns--
2260 1345 2309 1367 ·4

177 1394 237 1432 92.
263 1393 376 1433 XVI.
411 1395 486 1433 688
520 1398 714 1442 κρείσσω,
751 1393 784 1434 Ι.
817 1394 891 1433 249
923 1396 1097 1444 γλυκίω,
1135 1392 1222 1433 Vll.
1258 1392 1331 1433 114
1366 1401 1402 1431 et
1437 1392 1509 1431 od.
1544 1392 1592 1433 ll.
1622 1394 1694 1431 180
1727 1395 1883 1441 ἀμείνω
1910 1396 1989 1433 sine
2014 1388 2041 1432 ’ν
2094 1425 2101 1429 .
2126 1410 2150 1443 g·
2174 1428 2189 1440 Α
2223 1423 2246 1441 4
2298 1390 2311 1441 ⁵.

178 1458 284 1494 nobis
316 1459 449 1505 offert,
491 1466 527 1495 et
561 1471 583 1495 a
617 1457 809 1496 Zenodoto
843 1466 940 1496 stant
973 1466 1048 1496 tres
1080 1456 1247 1495 codices:
1301 1456 1407 1506 Lipa.
1445 1458 1467 1493 1
1502 1465 1536 1493 et
1559 1458 1585 1494 2
1617 1465 1653 1493 et
1677 1458 1796 1494 Amst.
1824 1459 1885 1506 qui
1912 1468 1946 1496 et
1971 1459 2040 1509 ipsi

178 1523 349 1566 κρείσσω
380 1520 570 1561 exhibent.
632 1518 742 1558 Hanc
770 1519 929 1571 priscam
952 1518 1187 1569 Homeroque
1217 1518 1368 1568 dignam
1390 1518 1630 1570 comparativi
1656 1520 1814 1558 sormam
1841 1521 1933 1559 bene
1960 1530 2038 1559 tue-

178 1592 238 1619 tnr
268 1583 513 1621 Buttmaunua
546 1583 587 1621 in
623 1583 788 1621 Gram'm.
814 1582 846 1621 l.
878 1584 910 1630 §.
935 1584 995 1621 56.
1027 1596 1112 1621 ann.
1143 1584 1213 1627 113
1255 1596 1407 1629 eamque
1440 1583 1701 1620 restituendam
1739 1597 1817 1620 esse
1853 1585 2038 1632 existimo,

177 1644 343 1692 quamvis
366 1643 586 1684 scholiastes
607 1645 646 1684 A
667 1644 808 1695 priscae
832 1644 981 1694 linguae
1004 1644 1155 1693 ignarus
1179 1656 1260 1682 eam
1284 1642 1437 1695 rejiciat.

348 1706 520 1745 Tranaeo
556 1717 656 1745 nunc
690 1707 737 1745 ad
771 1708 893 1746 locum
927 1707 1130 1756 quendam,
1166 1707 1227 1756 qui
1261 1714 1340 1744 tum
1376 1714 1516 1744 veteres
1549 1715 1627 1743 tum
1651 1708 1870 1745 recentiores
1896 1709 2040 1746 criticos

177 1781 399 1820 magnopere
421 1770 600 1808 exercuit.
648 1769 821 1818 Quorum
845 1769 1065 1808 discordiam
1085 1777 1129 1807 ut
1152 1781 1391 1819 componam,
1434 1768 1541 1805 liceat
1573 1769 1665 1807 mihi
1697 1771 1857 1820 primum
1880 1785 1962 1808 eum
1987 1771 2037 1808 ita

178 1831 366 1879 exhibere,
392 1839 432 1868 ut
455 1840 539 1870 ante
552 1832 735 1871 Wolfium
759 1831 800 1868 in
824 1831 1046 1869 editionibus
1069 1831 1282 1880 vulgaribus
1304 1830 1460 1883 traditus
1484 1831 1566 1867 fnit.
1617 1831 1714 1869 Dico
1740 1846 1776 1872 v.
1803 1834 1862 1869 97.

594 1895 679 1933 οὐδ’
708 1893 786 1943 ὅγε
810 1897 905 1942 πρὶν
930 1897 1086 1942 λοιμοῖο
1111 1895 1276 1943 βαρείας
1303 1897 1439 1941 χεῖρας
1463 1893 1618 1942 ἀφέξει.

179 1955 285 2004 Quae
318 1956 364 1993 ad
399 1956 513 1994 verba
545 1956 758 1995 Euanthius
792 1965 962 1996 annotat:
1008 1960 1128 2002 διχῶς
1159 1961 1326 1993 νοεῖται·
1364 1955 1394 2003 ἧ
1421 1956 1500 2003 γὰρ
1536 1955 1596 1993 ὅτι
1623 1957 1696 1993 οὐκ
1721 1956 1773 1993 ἂν
1800 1960 1942 2005 Φοῖβος
1965 1964 2038 1995 τοι)

176 2019 267 2058 καθ’
296 2018 415 2066 ἡμῶν
438 2021 583 2066 λοιμοῦ
605 2020 676 2058 τὰς
700 2020 849 2058 ἑαυτοῦ
872 2025 1007 2067 χεῖρας
1030 2021 1209 2066 ἀπόσχη,
1246 2018 1273 2066 ἤ
1299 2019 1371 2056 ὅτι
1396 2020 1469 2056 οὐκ
1493 2019 1546 2055 ἄν
1570 2020 1640 2056 τοὶς
1665 2024 1736 2056 τοῦ
1758 2021 2035 2067 ἀποτροπαίου

177 2085 273 2120 θεοῦ
295 2085 449 2130 Λοιμοῦ
472 2088 607 2130 χεῖρας
630 2083 817 2134 (Λοιμοῖο
840 2083 955 2133 igitur
978 2082 1205 2131 scribebant,
1240 2081 1305 2132 qui
1329 2082 1424 2120 hanc
1450 2082 1733 2133 explicationem
1757 2084 2035 2134 praeferebant)

177 2145 420 2194 ἁποκωλύσῃ
441 2144 567 2192 ἡμῶν.
618 2145 787 2195 Quarum
812 2146 1101 2197 explicationum
1125 2146 1226 2197 prior
1246 2145 1279 2182 si
1302 2158 1391 2184 vera
1413 2154 1479 2192 est,
1506 2145 1574 2182 hoc
1598 2145 1686 2182 dicit
1705 2144 1882 2183 Calchas:
1906 2147 2034 2194 „Non

178 2207 316 2259 priua
340 2221 362 2246 a
386 2208 698 2259 pestilentia
731 2209 1079 2259 (excitanda)
1111 2222 1286 2247 manus
1317 2221 1429 2246 snas
1453 2207 1638 2258 Apollo
1663 2209 1911 2248 arcebit.“
1961 2209 2036 2248 Sed

177 2269 424 2309 licetVossius
448 2269 603 2323 (Sched.
628 2271 723 2310 critt.
747 2271 779 2311 1.
802 2287 838 2325 p.
855 2271 947 2324 174)
972 2280 1008 2311 et
1026 2270 1245 2325 Spitznerus
1265 2270 1375 2309 huius
1396 2270 1703 2323 interpretationis
1724 2271 1970 2323 patrocinium
1995 2273 2035 2311 in

177 2347 217 2372 ae
239 2333 456 2384 receperint,
485 2333 643 2373 Homeri
667 2348 772 2373 naum
793 2336 966 2385 loquendi
989 2349 1120 2387 parum
1143 2335 1179 2373 ei
1205 2335 1331 2372 favere
1353 2335 1540 2372 fatendum
1566 2342 1632 2374 est.
1682 2333 1830 2371 Etenim
1856 2336 2035 2384 locorum,

178 2397 241 2447 qui
258 2405 443 2447 tamquam
459 2396 597 2436 similes
613 2399 820 2447 laudantur,
846 2398 957 2437 alter:
983 2398 1024 2438 u
1039 2397 1108 2437 VI.
1124 2399 1172 2438 96
1197 2402 1240 2436 αἶ
1260 2412 1330 2436 κεν
1346 2399 1489 2436 Τυδέος
1503 2398 1594 2435 υἱὸν
1613 2396 1773 2447 ἀπόσχῃ
1785 2398 1911 2436 Ἰλίου
1936 2402 2034 2454 ἱρῆς,

177 2458 638 2499 hanchabetsentemiam:
666 2459 745 2509 „Si
767 2460 1204 2510 forteDiomedem‚
1229 2474 1284 2499 ne
1309 2460 1460 2499 Ilium
1483 2470 1746 2513 expugnet,
1773 2462 2033 2500 retineat.“

180 2519 299 2570 Atque
323 2522 395 2563 Od.
421 2522 553 2563 XXII.
577 2524 651 2563 316
675 2525 779 2562 ἀλλά
803 2538 872 2571 μοι
899 2526 947 2563 οὐ
973 2528 1161 2564 πείθοντο
1186 2529 1326 2564 κακῶν
1350 2526 1427 2562 ἀπὸ
1454 2530 1587 2571 χεῖρας
1614 2526 1835 2570 ἔχεσθαι,
1873 2527 2030 2563 medium
