2313 2979
922 71 1411 110 ----⁴—--—

233 192 382 240 liorum,
417 198 452 229 et
470 191 553 243 jure
577 188 785 240 praeposuit
821 187 986 236 (Proleg.
1011 188 1056 225 ad
1082 186 1192 227 Hom.
1217 200 1252 238 p.
1279 185 1327 224 14
1350 198 1426 236 seq.
1453 185 1577 225 Praef.
1605 201 1723 226 novae
1747 188 1806 228 ed.
1829 201 1863 240 p.
1891 188 1941 227 38
1964 202 2037 238 seq.
2064 198 2100 227 et

233 255 323 300 42>=
346 252 609 303 antiquissimis
645 259 768 287 tamen
791 251 866 288 illis
890 250 1107 287 testimoniis
1132 250 1173 286 in
1197 257 1302 287 textu
1327 250 1579 286 constituendo
1597 251 1748 299 obsequi
1770 252 1849 288 fere
1869 251 2000 298 noluit,
2030 252 2094 289 sed

232 317 324 355 illud
349 316 386 355 ei
413 327 529 354 unum
553 313 783 366 propositum
808 313 879 350 fuit
904 312 1121 363 praecipue,
1170 321 1210 349 ut
1234 310 1392 349 Homeri
1416 319 1559 350 textum
1585 313 1696 350 talem
1720 313 1936 362 exhiberet,
1983 313 2100 363 qualis

232 379 405 430 Longino
430 378 562 425 alicui,
599 385 662 414 aut
687 376 752 413 alii
777 377 892 413 veteri
918 374 1044 412 critico
1069 375 1204 412 saeculi
1224 382 1307 425 post
1332 372 1423 413 chr.
1449 388 1485 411 n.
1513 375 1610 412 tertii
1635 383 1698 412 aut
1721 377 1842 425 quarti
1866 376 1955 415 satis
1983 375 2099 428 placi-

234 453 338 481 turus
363 442 479 480 fuisse
500 441 689 479 videretur
715 437 877 486 (Proleg.
902 452 938 488 p.
963 440 1024 475 21.
1050 437 1175 476 Praef.
1200 451 1237 476 n.
1264 437 1319 476 ed.
1345 451 1383 486 p.
1394 439 1484 490 3⁷6).
1536 438 1577 476 Id
1601 452 1668 476 cur
1690 438 1761 475 sibi
1787 441 2017 489 proposuerit
2040 441 2101 477 vir

235 504 480 548 clarissimus,
503 516 563 539 me
589 502 753 548 nescire,
790 501 945 548 ingenue
968 500 1155 537 confiteor.
1207 498 1374 535 Tametsi
1398 498 1497 535 enim
1522 508 1665 550 poetam
1690 512 1737 536 ne
1761 500 2097 549 antiquissimorum

233 567 380 617 quidem
417 565 713 603 testimoniorum
748 563 911 600 subsidio
928 582 929 585 =
947 563 991 600 ad
1023 560 1264 611 principalem
1298 569 1333 597 et
1355 574 1458 598 suam
1483 563 1643 599 formam
1667 563 1818 600 omnino
1842 563 1967 599 reduci
1992 577 2099 612 posse

232 629 340 668 facile
365 628 552 675 concedo,
600 627 731 664 iisdem
756 634 901 670 tamen,
940 623 1072 673 quippe
1099 637 1255 673 quorum
1281 631 1315 660 et
1339 636 1512 661 numerus
1537 632 1572 661 et
1596 625 1815 674 praestantia
1840 625 1955 663 multo
1978 626 2099 676 major

233 693 300 740 sit,
327 705 437 741 quam
460 691 572 740 vulgo
600 689 781 735 creditur,
806 687 1010 724 Homerum
1035 687 1151 723 multo
1175 685 1324 737 propius
1349 686 1394 722 ad
1415 686 1606 723 veritatem
1632 687 1950 737 integritatemque
1975 696 2098 726 textus

230 754 352 803 redigi
378 767 504 804 posse,
548 751 818 799 unusquisque,
864 749 926 798 qui
952 763 993 786 ea
1017 750 1111 785 bene
1135 750 1278 797 cognita
1302 757 1560 801 perspectaque
1593 749 1723 796 habet,
1771 750 1880 787 facile
1912 750 2097 798 intelligit.

233 817 361 867 Quare
386 828 468 852 mea
494 814 641 864 quidem
666 811 843 850 sententia
870 820 937 858 est,
971 824 1096 848 omues
1118 824 1178 849 eas
1206 810 1373 859 antiquas
1398 809 1569 848 lectiones
1604 811 1832 861 postliminio
1857 812 2013 861 quodam
2037 825 2095 849 re-

232 879 338 920 verti·
354 886 544 929 oportere,
570 888 662 925 quae
688 882 750 912 aut
774 874 993 925 praestantia
1015 886 1080 911 sua
1104 874 1321 911 antecellant
1344 872 1513 921 vulgatis,
1538 882 1601 910 ant
1626 881 1721 911 certe
1746 874 1857 912 nullis
1880 874 2022 913 idoneis
2047 889 2094 913 ex

232 941 350 980 causis
374 947 650 990 postponantur.

405 1001 504 1039 Data
530 1000 646 1049 igitur
670 998 854 1037 scribendi
880 998 1095 1044 occasione,
1141 1005 1182 1033 ut
1217 997 1401 1047 specimen
1435 997 1541 1035 edam
1565 1010 1684 1035 novae
1710 996 1835 1035 Iliadis
1859 997 2096 1046 recensionis,

230 1081 341 1118 qnam
365 1079 414 1103 ex
440 1063 627 1101 nonnullis
650 1062 756 1098 annis
782 1075 987 1112 praeparo,
1012 1061 1056 1096 de
1080 1060 1128 1097 iis
1152 1060 1277 1096 libri
1302 1060 1451 1109 primi
1484 1060 1665 1097 Iliadis
1688 1060 1779 1097 locis
1802 1060 2018 1110 disputabo,
2053 1062 2095 1097 in

232 1130 364 1180 quibus
399 1140 421 1165 a
455 1124 591 1164 Wolfii
626 1123 766 1175 judicio
805 1123 989 1160 discedere
1022 1129 1085 1159 ant
1110 1123 1180 1159 hac
1208 1131 1268 1159 aut
1294 1122 1357 1158 illa
1383 1135 1491 1159 causa
1516 1133 1638 1173 cogor.
1688 1121 1795 1170 Elegi
1819 1135 1908 1160 vero
1933 1121 2094 1173 primum

232 1193 392 1237 librum,
423 1201 498 1225 nou
522 1200 594 1236 quo
621 1186 766 1236 saepius
789 1186 829 1222 in
854 1199 898 1222 eo
922 1198 1030 1234 quam
1056 1185 1097 1221 iu
1115 1184 1244 1222 ceteris
1271 1197 1293 1221 a
1318 1183 1462 1221 Wolfio
1487 1184 1723 1231 dissiderem,
1767 1185 1830 1221 sed
1855 1185 1939 1233 quia
1961 1185 2093 1222 rarius.

230 1252 393 1304 Augusti
418 1250 517 1289 enim
541 1250 660 1297 fines,
700 1248 764 1298 qui
784 1247 877 1286 mihi
904 1247 1010 1285 hodie
1035 1247 1221 1286 constituti
1247 1255 1357 1295 sunt,
1392 1257 1433 1284 ut
1457 1245 1664 1285 breviorem
1690 1246 1969 1299 disputationem
1995 1255 2094 1285 ante-

230 1318 349 1354 feram
373 1312 559 1361 longiori,
585 1324 810 1360 magnopere
834 1311 997 1347 suadent.

404 1375 428 1413 4
453 1388 527 1424 seq.
555 1374 646 1412 haec
670 1374 784 1421 vulgo
809 1373 1002 1421 leguntur:

872 1435 1014 1471 αὐτούς
1039 1435 1082 1470 δὲ
1109 1435 1258 1480 ἑλώρια
1280 1438 1394 1478 τεῦχε
1419 1436 1618 1478 κύνεσσιν,

666 1500 843 1535 οἰωνοῖσί
867 1509 908 1534 τε
935 1501 1074 1533 πᾶσι.
1100 1497 1195 1534 Διὸς
1217 1499 1251 1532 δ’
1277 1497 1462 1533 ἐτελείετο
1485 1498 1629 1543 βουλή.

408 1561 509 1610 Quid
536 1565 633 1598 πᾶσι
659 1561 728 1598 hoc
753 1561 833 1597 loco
859 1560 902 1596 ad
928 1559 1144 1597 sententiam
1168 1557 1372 1596 accuratius
1396 1559 1656 1609 explicandam
1680 1558 1821 1605 valeat,
1851 1571 1959 1596 nemo
1984 1559 2093 1597 facile

230 1624 506 1665 demonstrabit.
556 1623 678 1662 Nemo
702 1631 800 1659 certe
823 1622 940 1658 adhuc
964 1621 1235 1660 demonstravit.
1286 1620 1384 1658 Nam
1409 1621 1473 1669 qui
1496 1628 1694 1668 annotant,
1721 1624 1797 1657 πᾶς
1816 1634 1885 1670 pro
1909 1628 2093 1658 παντοῖος

228 1688 415 1727 interdum
453 1686 549 1735 dici,
596 1685 690 1723 nihil
712 1685 873 1731 faciunt,
911 1697 993 1721 cum
1014 1697 1089 1721 non
1115 1683 1205 1721 illud
1231 1691 1450 1733 quaeratur,
1484 1683 1548 1721 sed
1571 1683 1662 1731 hoc,
1699 1696 1789 1720 num
1814 1696 1864 1721 ex
1887 1684 1996 1723 huius
2019 1686 2092 1723 loci

227 1751 371 1789 ratione
408 1754 505 1786 πᾶσι
541 1757 624 1798 apte
658 1748 811 1786 dicatur.
874 1745 1040 1796 Suspicio
1074 1760 1118 1783 eo
1153 1754 1329 1794 augetur,
1377 1746 1474 1794 quod
1511 1746 1551 1782 in
1581 1746 1753 1783 omnibus
1784 1745 1967 1784 similibus
2001 1749 2091 1786 locis

230 1813 289 1861 (Il.
318 1811 366 1850 II.
395 1813 479 1850 393.
518 1811 587 1850 1V.
613 1812 697 1849 237.
736 1808 844 1848 VIII.
872 1809 953 1846 379.
990 1807 1061 1845 ΧΙ.
1086 1809 1173 1846 818.
1210 1807 1320 1847 XIII.
1347 1809 1431 1846 233.
1457 1808 1542 1845 831.
1579 1806 1691 1845 XVI.
1716 1808 1802 1847 836.
1850 1807 1980 1846 XVII.
2008 1812 2089 1849 127.

227 1877 312 1914 558.
350 1874 502 1912 XVIII.
528 1875 614 1910 271.
651 1871 784 1910 XXII.
812 1872 870 1908 42.
898 1872 958 1911 89.
983 1872 1065 1908 335.
1093 1870 1179 1908 354.
1205 1871 1295 1916 509)
1329 1870 1366 1907 id
1396 1883 1663 1920 supervacuum
1701 1871 1985 1908 additamentum
2016 1886 2091 1910 non

226 1937 420 1988 reperitur.
473 1936 558 1985 Qua
582 1949 623 1972 re
650 1935 741 1972 moti
767 1933 915 1982 quidam
941 1947 1154 1980 graecorum
1179 1933 1391 1971 criticorum
1415 1941 1497 1982 post
1521 1934 1697 1969 οἰωνοῖσί
1712 1946 1755 1969 τε
1771 1932 2091 1983 interpunxerunt,

227 2009 262 2038 et
287 2003 383 2037 πᾶσι
411 2013 494 2036 cum
519 1997 826 2047 subsequentibus
849 1995 971 2033 verbis
995 1996 1281 2047 copulaverunt,
1305 1994 1342 2031 id
1366 1995 1462 2044 quod
1486 1995 1595 2032 hodie
1619 2008 1727 2032 nemo
1749 1995 1930 2045 probabit.
1978 1995 2090 2034 Bent-

225 2063 318 2100 leius
350 2075 440 2100 vero
472 2062 517 2098 ad
544 2060 794 2110 conjecturam
828 2059 1041 2106 confugiens
1076 2059 1215 2105 κύρμα
1243 2058 1457 2107 proposuit:
1497 2058 1594 2094 haud
1616 2058 1759 2108 inepte,
1803 2071 1890 2094 nam
1914 2058 2031 2106 ἕλωρ
2055 2069 2091 2098 et

227 2126 365 2171 κύρμα
402 2123 699 2174 conjungunturz
745 2120 791 2157 ll.
817 2120 865 2158 V.
891 2120 974 2157 488.
1000 2120 1129 2158 XVII.
1154 2121 1237 2158 151.
1288 2119 1359 2156 Od.
1387 2118 1458 2158 III.
1481 2120 1567 2156 271.
1611 2119 1662 2159 V.
1687 2119 1774 2158 473.
1833 2117 1906 2157 Sed
1932 2120 1972 2158 in
1996 2122 2091 2159 anti-

228 2187 403 2236 quissima
430 2184 612 2222 Zenodoti
637 2183 798 2220 editione
824 2186 943 2219 δαῐτα
966 2184 1101 2219 lectum
1125 2191 1202 2230 est,
1239 2183 1359 2231 qnod,
1393 2195 1476 2218 cum
1500 2182 1708 2219 Zenodotus
1733 2182 1830 2219 hunc
1852 2196 2000 2221 versum
2026 2186 2090 2222 ha-

228 2248 347 2286 buerit
370 2246 536 2297 spurium
563 2246 663 2294 (vide
675 2243 851 2292 schum),
877 2258 898 2282 e
923 2244 1106 2295 prioribus
1125 2244 1346 2282 editionibus
1365 2245 1405 2281 in
1424 2243 1674 2281 Zenodoteam
1695 2244 1882 2282 transiisse
1901 2258 1968 2296 pro
1992 2256 2091 2284 certo

229 2311 333 2349 duco.
384 2310 606 2359 Vituperant
632 2308 781 2358 quidem
806 2308 1018 2345 Athenaeus
1044 2307 1094 2353 (I.
1119 2321 1150 2345 c.
1176 2308 1238 2345 21.
1268 2322 1305 2358 p.
1325 2308 1373 2345 12
1407 2307 1453 2353 f.)
1488 2315 1524 2344 et
1559 2306 1768 2344 Eustathins
1793 2306 1842 2353 (I.
1867 2321 1903 2357 p.
1933 2309 2001 2355 19,
2025 2309 2091 2356 45)

226 2371 412 2411 Zenodoti
432 2370 649 2417 lectionem,
685 2370 770 2419 quia
799 2372 887 2407 δαὶς
910 2369 1102 2407 hominum
1120 2383 1196 2407 non
1221 2370 1419 2408 bestiarum
1446 2369 1493 2406 sit
1506 2395 1519 2416 ,
1555 2369 1617 2407 sed
1641 2369 1771 2407 falsam
1795 2382 1872 2407 esse
1896 2367 1991 2419 hanc
2015 2373 2091 2423 opi.

226 2435 378 2473 nionem
402 2432 588 2472 Homerus
615 2432 694 2483 ipse
718 2434 834 2471 altero
859 2432 971 2471 etiam
994 2433 1076 2471 loco
1100 2433 1276 2472 ostendit:
1318 2432 1364 2471 ΙΙ.
1384 2430 1538 2472 XXIV.
1565 2431 1614 2470 43
1629 2449 1663 2482 ς
1682 2431 1748 2471 nbi
1772 2432 1818 2470 de
1841 2432 1946 2470 leone
1970 2446 2088 2472 sermo
