2313 2979
2121 222 2137 238 lv
2226 219 2236 226 ›
2254 214 2259 228 A

2102 237 2179 265 ''An-D
2205 245 2219 255 u
2229 237 2302 259 uhts.

141 251 235 302 psit,
272 247 334 287 sed
358 246 399 284 in
425 242 594 295 Odyssea
620 245 753 279 εἴπατε
776 239 937 290 reliquit.
996 238 1072 278 sed
1108 240 1190 278 cum
1215 238 1479 290 Aristophanes
1515 250 1549 279 et
1574 242 1812 282 Aristarchus
1846 245 2055 294 (Scholl

141 303 535 351 adll.1.1⁰⁶.lo,8
572 302 859 351 od.111.427)
890 302 1052 374 primum
1077 302 1252 339 aoristum
1277 300 1530 350 antetulerint,
1566 314 1670 353 atque
1696 306 1867 344 omnibus
1892 309 2036 346 Grae·
2031 312 2114 352 ob’
2101 329 2233 352 gun-u.
2251 287 2313 346 ΕΑ,-

140 375 192 411 cis
215 368 376 409 alteram
390 366 502 418 primi
523 366 651 403 aoristi
669 379 868 416 personam
857 378 978 464 lim
957 378 1026 402 usu
1050 364 1162 412 fuisse
1184 364 1271 430 satis
1296 372 1445 456 constet,
1462 365 1729 435 Aristophanis
1747 379 1782 406 et
1796 368 2004 407 Aristarchi
2023 372 2109 421 [ιω
2116 369 2160 423 s„
2183 378 2241 421 ἱ
2249 405 2267 422 Q
2294 403 2307 420 L

139 432 276 488 judicio
301 429 572 479 obsequendum
598 441 676 466 esse
700 441 841 466 censeo.
978 405 1044 459 §ari
1069 404 1133 493 ⁴7i
1129 437 1160 455 w»
1184 444 1210 458 m
1232 396 1390 463 hindam
1374 405 1440 462 mi*
1440 414 1486 462 Ι
1494 439 1551 463 021
1556 434 1577 463 5

312 491 416 531 Olim
440 505 480 531 v.
503 491 579 530 108
603 492 695 529 οὐδέ
721 506 758 528 τι
785 521 793 528 .
886 492 972 528 οὐδ’
1001 454 1149 538 vulgata
1173 490 1281 527 lectio
1308 490 1390 529 ruit.
1443 483 1605 528 WVolflus
1637 506 1686 528 ex
1721 496 1907 532 nonnullis
1941 510 2003 532 00.

138 558 278 597 dicibus
303 555 393 594 οὔτε
417 567 455 592 τι
582 553 665 591 οὔτ’
692 553 899 605 assumpsit.
949 550 1023 590 Sed
1047 551 1235 589 audiamus
1261 549 1506 590 Scholiastas.
1540 552 1588 591 A.
1620 556 1710 591 οὐδέ
1737 570 1773 593 τι
1801 571 1862 594 πω
1890 560 2002 596 εἶπας

137 623 241 665 ἔπος,
267 620 353 657 οὐδ’
381 619 606 654 ἐτέλεσσας·
641 617 767 653 οὕτως
790 620 833 653 αξ
853 616 1122 662 Ἀριστάρχου
1147 619 1214 651 καὶ
1241 616 1266 661 ἡ
1287 617 1619 662 Ἀριστοφάνους,
1645 621 1714 653 καὶ
1740 619 1845 655 ἔστιν
1871 622 2001 669 ἐμφα-

136 684 248 722 uuor
271 681 315 720 τὸ
343 679 432 719 οὔτε
459 677 606 731 (Heyn.
633 693 727 718 corr.
761 678 876 730 οὐδὲ)
902 680 962 717 δὶς
984 678 1209 726 λεγόμενον.
1246 675 1366 716 BLV.
1395 678 1623 727 ἐμφαντικὸν
1648 681 1728 718 ἐστι
1753 683 1795 719 τὸ
1824 684 1913 721 οὐδὲ
1942 687 2000 722 δὶς

135 749 371 794 λεγόμενον,
407 746 475 780 καὶ
500 744 576 790 τήν
599 748 670 790 τῆς
693 746 882 789 μαντείας
906 744 1035 788 τύχην
1057 743 1244 788 λοιδορεῖ,
1285 741 1337 777 ὡς
1361 744 1397 777 εἴ
1418 755 1454 777 τι
1480 745 1549 778 καὶ
1574 745 1753 789 χρηστὸν
1780 751 1996 792 προσείποι,

135 809 209 847 οὐκ
238 809 292 846 εἰς
323 806 482 854 ἀγαθὸν
513 808 687 852 τελευτᾷ.
751 804 920 854 Quorum
944 803 1154 842 criticorum
1176 811 1211 841 et
1234 804 1446 841 auctoritate
1471 813 1507 841 et
1531 806 1757 853 argumentis
1783 817 1900 846 motus
1922 810 1997 858 jam

134 869 350 923 Spitznerus
374 869 560 918 vulgatam
583 868 742 906 reduxit.
800 866 895 905 Rem
920 865 1066 904 conficit
1090 865 1267 918 interpres
1293 865 1453 905 Graecus
1478 881 1538 918 ap.
1564 867 1803 909 Bekkerum:
1838 873 1996 920 ἀγαθὸν

135 936 177 970 δέ
203 946 295 970 τινα
320 934 515 968 οὐδέπω
542 932 654 967 εἶπας
678 933 801 979 λόγον
825 931 939 966 οὐδὲ
966 930 1201 966 ἑτελείωσας.

306 994 379 1034 114
402 994 479 1032 ιιοιι
503 994 553 1031 οὐ
576 993 668 1033 ἕθεν
692 993 794 1039 ἐστί,
831 992 894 1031 sed
920 992 970 1030 οὔ
993 991 1085 1031 ἑθέν
1110 992 1189 1030 ἐστι
1221 991 1455 1030 scribendum
1488 1007 1587 1042 esse,
1627 996 1734 1034 certis
1769 999 1994 1045 argumentis

132 1058 347 1110 Spitznerus
372 1057 502 1096 effecit.

305 1122 377 1159 117
401 1122 498 1158 σόον
523 1134 649 1159 omnes
674 1120 816 1158 codices
842 1118 1018 1157 exhibere
1042 1119 1221 1157 videntur.
1286 1117 1357 1156 Gui
1382 1127 1504 1156 tamen
1531 1119 1677 1158 lectioni
1705 1120 1992 1161 Scholiastarum

132 1184 338 1221 testimonia
371 1184 526 1221 obstant.
575 1183 683 1220 BLV
707 1191 742 1219 et
767 1183 852 1222 Vat.
879 1196 939 1232 ap.
965 1182 1084 1219 Bentl.
1119 1182 1305 1218 ἅπασαι
1342 1186 1440 1218 σῶν
1477 1184 1604 1228 εἶχον,
1647 1188 1715 1221 καὶ
1749 1188 1912 1233 συνᾴδει
1938 1193 1993 1235 τῷ

132 1251 231 1293 „vim
254 1261 313 1285 τοι
340 1251 418 1285 σῶς
444 1246 564 1284 αἰπὺς
590 1245 781 1294 ὄλεθρος(ι
809 1245 874 1295 (ΙΙ.
894 1244 1003 1283 XIII.
1030 1245 1139 1294 773),
1179 1253 1213 1283 et
1238 1245 1288 1283 A.
1317 1244 1462 1291 οὕτως,
1499 1250 1610 1293 σών,
1645 1250 1688 1284 αὶ
1710 1250 1989 1297 Ἀριστάρχου,

132 1313 180 1347 οὐ
206 1312 457 1359 διῃρημένοις
483 1310 591 1346 σόον.
642 1307 720 1346 Gur
744 1309 853 1346 tantis
875 1307 1148 1345 auctoritatibus
1171 1322 1245 1345 non
1269 1307 1317 1345 sit
1341 1308 1625 1358 obsequendum,
1651 1324 1725 1348 non
1747 1312 1866 1350 video.
1909 1315 1989 1350 Ad-

129 1374 283 1411 sentitur
306 1374 382 1424 jam
407 1372 561 1411 Vossius
585 1371 624 1409 in
651 1370 782 1410 Sched.
810 1371 902 1408 critt.
929 1370 961 1409 1.
987 1384 1025 1421 p.
1051 1372 1133 1410 177.

303 1434 388 1475 124
425 1435 511 1472 οὐδ’
539 1431 593 1472 ἔτι
619 1434 716 1471 unde
737 1433 900 1471 Wolfius
924 1433 1131 1484 sumpserit,
1161 1446 1293 1483 parum
1316 1433 1438 1482 liquet.
1493 1434 1633 1473 Omnes
1657 1437 1782 1474 libri
1768 1452 1807 1475 m
1834 1440 1925 1476 οὐδὲ
1951 1454 1986 1477 τι

129 1499 333 1538 consentire
355 1495 465 1537 viden
582 1498 772 1586 idemque
785 1504 961 1534 testantur
988 1494 1221 1534 Scholiastae.
1274 1496 1365 1532 οὐδέ
1393 1509 1430 1533 τι
1466 1498 1551 1535 vide
1575 1497 1617 1537 ΙΙ.
1639 1498 1687 1538 ll
1714 1500 1797 1539 871.
1829 1502 1874 1539 ΣΤ.
1901 1503 1986 1541 408.

127 1562 197 1600 xi.
226 1561 307 1600 ι24.
325 1534 452 1618 &Aa
451 1507 549 1633 &Ji
551 1531 683 1594 [Μ
671 1537 739 1590 a*
734 1542 783 1591 Ι
793 1560 866 1618 ΙΨ

299 1619 386 1662 168.ι
429 1623 647 1662 Aristarcho
677 1631 717 1661 et
747 1612 960 1661 Herodiano
996 1622 1080 1659 ἐπεὶ
1113 1634 1156 1659 κε
1191 1622 1310 1669 κάμω
1337 1622 1578 1661 scribentibus
1605 1625 1771 1674 equidem
1797 1628 1984 1666 assentior.

125 1688 223 1725 Nam
247 1688 340 1724 mira
365 1696 418 1725 est
442 1687 605 1736 vulgaris
631 1687 770 1736 opinio,
797 1685 901 1724 verbi
926 1687 1070 1731 κάμνω
1094 1685 1371 1734 reduplicatum,
1400 1700 1507 1734 quem
1533 1697 1676 1734 vocant,
1703 1690 1878 1727 aoristum
1905 1691 1984 1728 Ho-

124 1764 267 1788 merum
291 1749 329 1787 in
356 1749 603 1800 conjunctivo,
629 1757 664 1787 et
690 1748 731 1786 in
755 1761 797 1786 ea
821 1747 900 1799 ipsa
926 1748 1149 1800 conjunctivi
1174 1747 1454 1796 constructione,
1480 1763 1571 1798 quae
1595 1750 1810 1800 particulam
1835 1752 1888 1789 ἄν
1906 1754 1983 1792 sive

124 1816 165 1851 κὲ
193 1814 370 1865 postulat,
404 1826 618 1863 usurpasse,
652 1813 694 1850 in
724 1812 851 1850 ceteris
878 1812 995 1850 modis
1022 1814 1300 1859 διπλασιασμῷ
1322 1812 1549 1852 abstinuisse.
1600 1813 1746 1863 Itaque,
1786 1829 1867 1853 cum
1894 1832 1981 1855 nus-

123 1891 231 1928 quam
255 1878 444 1924 κέκάμον,
470 1878 696 1923 κεκάμοιμι,
721 1881 910 1923 κεκαμεῖν
934 1875 1180 1923 inveniantur,
1206 1877 1372 1922 κεκάμω
1389 1875 1594 1913 Homerum
1612 1877 1749 1915 dixisse
1769 1893 1842 1916 non
1860 1881 1980 1920 credo.

122 1941 166 1979 ΙΙ.
193 1934 284 1977 ῪΠζ
305 1942 328 1977 5
354 1940 457 1987 ἐπήν
479 1941 711 1986 κεκάμωσιν
734 1939 884 1988 vulgata
910 1939 1054 1987 quidem
1080 1939 1185 1975 lectio
1210 1947 1276 1985 est,
1302 1939 1364 1975 sed
1391 1939 1596 1976 Aristarchi
1622 1941 1741 1987 lectio,
1769 1956 1876 1989 quam
1902 1957 1978 1980 ser-

121 2012 182 2041 vat
208 2003 286 2040 cod.
315 2001 433 2050 Veu,
469 2001 522 2040 ibi
546 2002 616 2040 fuit
640 2004 724 2040 ἐπεὶ
748 2015 793 2040 κε
818 2003 1015 2049 κάμωσιν.
1062 2000 1107 2038 ΙΙ.
1133 1999 1260 2039 XVII.
1296 2001 1370 2039 658
1397 2002 1506 2039 etiam
1537 2002 1575 2039 iu
1601 2003 1734 2041 nostris
1759 2005 1979 2044 editionibus

121 2065 274 2114 legitur:
310 2065 394 2102 ἐπεὶ
419 2065 472 2112 ἄρ
496 2078 539 2101 κε
567 2067 730 2114 κάμῃσι.
773 2064 846 2102 Od.
865 2064 938 2102 IX.
966 2065 1050 2102 126.
1079 2067 1119 2100 οἵ
1141 2077 1184 2100 κε
1209 2065 1379 2110 κάμοιεν
1404 2071 1513 2112 νῆάς.

292 2129 361 2165 191
381 2128 544 2166 Wolfius
568 2130 758 2177 vulgatum
783 2128 960 2176 ἐναρίξοι
986 2127 1148 2165 retinuit.
1173 2126 1383 2177 Per-peram.
1424 2128 1520 2166 Nam
1546 2129 1584 2165 in
1610 2142 1652 2166 ea
1676 2129 1976 2180 interrogatione,

119 2193 159 2228 in
183 2203 252 2241 qua
277 2190 466 2227 dubitandi
487 2191 548 2228 vel
573 2190 799 2228 deliberandi
823 2191 923 2228 notio
948 2190 1055 2237 inest,
1091 2189 1241 2240 optativi
1266 2190 1389 2228 futuro
1415 2191 1534 2227 nullus
1560 2200 1612 2227 est
1636 2187 1759 2229 locus:
1794 2196 1976 2243 praesenti

120 2265 281 2304 tempore
319 2261 380 2289 aut
414 2253 548 2291 aoristo
583 2267 672 2303 opus
706 2263 770 2291 est.
824 2254 922 2292 Vide
947 2253 992 2292 ΙΙ.
1017 2252 1085 2292 Ill.
1126 2255 1206 2291 317.
1243 2253 1294 2290 V.
1328 2255 1409 2291 672.
1436 2254 1543 2292 XVI.
1570 2255 1655 2294 651.
1698 2255 1771 2295 Od.
1793 2256 1863 2295 IX.
1892 2260 1977 2295 332.

118 2315 265 2355 XVlll.
292 2316 352 2354 90.
391 2314 489 2353 Xen.
515 2315 639 2354 Anab.
666 2315 694 2355 l.
722 2317 758 2365 9,
785 2318 842 2356 13.
871 2317 930 2362 10,
956 2318 992 2354 5.
1021 2317 1079 2364 10,
1107 2317 1163 2354 17.
1188 2314 1236 2355 Π.
1263 2317 1300 2364 3,
1326 2318 1360 2354 7.
1386 2316 1470 2354 Vll.
1498 2316 1534 2362 4,
1557 2317 1615 2354 10.
1638 2316 1736 2356 Hell.
1757 2317 1825 2359 IV.
1851 2319 1888 2369 4,
1917 2323 1974 2359 12.

119 2379 366 2425 Quamobrem
401 2378 551 2414 alteram
586 2379 779 2416 lectionem
812 2382 990 2426 ἐναρίζοι
1019 2378 1236 2428 Spitzuerus
1271 2389 1306 2416 et
1332 2379 1549 2430 Freytagius
1582 2382 1843 2430 praetulerunt.
1902 2383 1975 2421 Sed

117 2454 162 2477 ne
200 2441 290 2479 haec
324 2440 469 2491 quidem
507 2439 593 2479 satis
628 2441 755 2492 placet.
812 2442 909 2482 Nam
936 2455 1019 2481 cum
1043 2442 1088 2480 de
1111 2455 1153 2480 re
1177 2441 1287 2480 semel
1314 2442 1502 2492 facienda,
1538 2456 1611 2481 non
1638 2443 1682 2482 de
1704 2452 1798 2482 statu
1824 2445 1974 2485 alicuius

116 2505 168 2542 rei
192 2504 363 2542 diuturno
375 2505 537 2542 Achilles
561 2504 748 2555 deliberet,
773 2507 947 2546 aoristum
973 2506 1201 2556 requirimus.
1233 2505 1356 2554 Atque
1378 2507 1512 2544 aoristo
1537 2521 1643 2544 usum
1666 2521 1743 2545 esse
1758 2508 1972 2557 Homerum,
