2313 2979
62 1830 73 1875 Ι

318 222 418 260 veris
443 221 550 260 mista
575 230 659 259 sunt
679 220 719 257 in
744 219 870 272 Etym.
894 219 946 260 M.
967 225 1229 270 κατακρῆθεν
1259 222 1302 269 (Ι.
1325 223 1429 260 κατὰ
1443 226 1648 274 «κρῆθενη
1686 229 1791 265 κατὰ
1813 230 1968 276 κρατός.
2005 232 2119 277 παρὰ
2141 232 2186 270 τὸ

318 286 426 331 nupt>
447 286 697 330 ὀξυνόμενον
717 286 893 331 γίγνεται
917 289 1114 333 καρῆθεν·
1139 288 1210 322 καὶ
1233 286 1336 321 κατὰ
1357 288 1580 334 συγκοπήν,
1603 291 1775 336 κρῆθεν·
1800 292 2067 331 καὶ“Ησίοδος
2089 294 2188 332 ἀπο.

317 350 472 396 κρῆθεν
505 349 546 394 (Ι.
576 348 657 384 ἀπὸ
680 349 851 394 κρῆθεν)
885 348 1005 386 εἶπεν.
1040 348 1187 386 Deinde
1211 346 1258 388 ΙΙ.
1277 346 1389 386 XIII.
1413 349 1497 386 ⁷⁷2.
1531 348 1623 388 XV.
1648 352 1733 389 557.
1765 351 2008 395 xxm-411.
2034 355 2188 397 XXIV.

318 411 403 450 728,
432 410 505 448 od.
524 409 576 447 V.
602 411 675 447 313
700 409 809 447 hodie
828 410 975 458 quidem
1000 409 1088 446 κατ’
1118 408 1245 457 ἄκρης
1277 409 1433 458 legitur,
1474 412 1537 449 sed
1562 412 1603 449 in
1627 413 2188 467 codicibus-multisvxardnpnc

318 472 526 520 invenitur,
562 481 597 509 et
620 472 771 508 fuerunt
795 472 885 509 olim
909 471 1046 518 critici,
1082 471 1146 520 qui
1168 474 1270 510 κατὰ
1294 476 1394 520 κρῆς
1415 470 1682 531 praefert-enti.
1700 475 1826 515 Testis
1850 486 1906 516 est
1928 477 2052 519 Schol.
2076 480 2116 518 A
2139 482 2186 519 ad

318 534 429 572 XIII.
459 536 533 573 772
566 536 667 572 τινὲς
698 536 740 572 δὲ
765 539 865 583 κρῆς
890 535 1228 582 μονοσυλλάβως,
1265 536 1350 573 ἐπεὶ
1385 538 1455 573 καὶ
1479 539 1634 585 κρῆθὲν
1657 547 1797 588 φησιν.
1846 540 1910 578 Ad
1936 541 2010 579 od.
2036 543 2086 580 V.
2113 546 2187 581 313

317 597 421 635 varia
446 598 555 635 lectio
577 599 681 635 κατὰ
705 598 804 644 κρὴς
838 597 1056 643 exhibetur,
1092 604 1129 633 et
1161 610 1238 635 uon
1266 596 1389 649 inepte
1411 596 1625 637 Nitzschius
1648 599 1691 641 Il.
1712 600 1823 641 XVI.
1848 603 1922 641 392
1945 604 2010 641 ἐπὶ
2033 606 2125 653 κάρ,
2150 614 2186 644 et

317 658 492 711 Xenoph.
526 660 628 698 Heu.
647 660 737 698 VII.
758 662 798 708 2,
822 661 848 697 8
866 669 901 697 et
923 662 967 697 11
989 659 1094 697 κατὰ
1116 661 1303 709 κεφαλήν
1327 669 1526 711 comparat.
1558 661 1679 700 Pon-o
1702 664 1930 703 substantiva
1953 669 2184 714 κρήδεμνον

318 722 512 773 capitis
550 723 875 773 ligamentum
908 730 943 764 ,et
967 724 1100 769 κρήνη
1135 732 1284 774 caput
1314 736 1465 773 aquae
1496 737 1519 762 a
1542 737 1634 763 voce
1653 726 1754 775 κρῆς
1776 726 1857 766 sive
1880 733 1981 777 κρῆς
2002 730 2186 780 originem

317 785 469 825 duxisse
494 787 534 824 iu
561 796 687 837 aperto
712 795 776 824 est.
814 785 968 823 Accedit
992 785 1148 835 denique
1172 788 1316 834 κρητὸς
1340 786 1604 835 Zenodoteum‚
1630 790 1725 837 quod
1749 803 1856 828 nemo
1880 792 2112 831 Zenodotum
2135 807 2186 831 ex

318 848 527 899 conjectura
553 849 716 899 posuisse
740 848 891 898 putabit.
941 847 1061 885 Immo
1085 861 1176 886 vero
1202 850 1284 887 aliis
1308 848 1419 886 etiam
1443 848 1535 886 locis
1558 851 1704 897 κρητὸς
1728 860 1764 889 et
1787 861 1959 901 cognatas
1982 854 2120 893 formas
2144 855 2184 893 in

316 908 528 949 Homericis
553 910 778 948 carminibus
804 910 1004 959 antiquitus
1027 910 1138 948 lectas
1162 911 1294 959 fuisse,
1329 910 1531 950 verisimile
1556 921 1622 951 est.
1667 912 1794 964 Itaque
1823 917 1968 963 κρητὸς
1992 918 2184 956 restituen-

317 973 404 1011 dum
429 988 508 1013 esse
532 988 673 1013 censeo.

491 1036 574 1075 541.
618 1036 796 1073 Mendum
819 1035 1034 1073 Wolfianae
1066 1035 1236 1073 editionis
1266 1037 1346 1072 αἰεί
1379 1044 1441 1073 σοι
1467 1035 1683 1088 Spitzuerus
1715 1039 1857 1089 primus
1888 1041 2070 1089 correxit,
2105 1044 2183 1079 αἰεί

317 1109 376 1135 τοι
402 1112 591 1138 revocans.
1900 1135 1902 1137 .
2066 1121 2069 1124 ·

494 1163 579 1202 559.
615 1160 740 1200 schol.
767 1161 800 1199 L
828 1163 986 1210 πολέας]
1013 1164 1234 1208 Ζηνόδοτος
1260 1166 1398 1201 πολεῖς.
1448 1163 1509 1200 Ad
1533 1162 1579 1201 ΙΙ.
1599 1162 1715 1204 XXI.
1744 1166 1812 1202 131
1839 1163 1961 1204 schol.
1989 1167 2047 1203 A:
2078 1168 2183 1214 'Api-

318 1232 488 1270 σιάρχος
515 1227 673 1270 πολέας,
710 1225 840 1262 ἔνιοι
866 1225 908 1261 δὲ
935 1227 1065 1261 πολεῖς
1088 1234 1123 1261 et
1152 1223 1278 1262 Schol.
1302 1225 1342 1263 V
1367 1228 1513 1273 πολεῖς]
1540 1225 1645 1263 οὕτω
1672 1229 1784 1264 τινές.
1831 1226 1968 1265 Errare
1991 1228 2106 1276 igitur
2125 1230 2184 1268 vi-

317 1287 423 1324 detur
458 1286 581 1326 Schol.
620 1288 671 1335 A,
706 1288 768 1337 qui
809 1288 854 1324 ad
889 1286 935 1326 11.
955 1286 1004 1325 11.
1029 1287 1055 1323 4
1088 1286 1322 1324 Zenodotum
1354 1288 1406 1326 ait
1431 1291 1552 1325 πολύς
1577 1288 1723 1337 legisse.
1773 1288 1926 1328 Codices
1950 1299 1986 1328 et
2008 1291 2183 1330 editiones

316 1359 463 1388 nostrae
488 1351 622 1400 ubique
648 1351 745 1388 inter
768 1351 907 1388 formas
934 1351 1138 1387 πολέαςοῐ
1163 1353 1293 1387 πολεῖς
1319 1350 1507 1398 fluctuant,
1538 1360 1790 1389 verumtamen
1816 1361 2021 1390 contractae
2043 1354 2184 1392 formae

317 1413 356 1448 in
380 1412 429 1450 iis
455 1414 574 1465 major
598 1421 652 1450 est
675 1413 884 1459 auctoritas,
910 1426 953 1449 sc
978 1413 1058 1452 cod.
1084 1412 1182 1449 Ven.
1208 1412 1268 1449 hic
1291 1412 1438 1461 quidem
1463 1421 1499 1450 et
1523 1412 1572 1449 II.
1589 1412 1614 1450 4
1637 1416 1792 1459 πολέας,
1817 1415 1880 1451 sed
1905 1414 1951 1451 11.
1974 1415 2084 1454 XIII.
2098 1416 2180 1454 734.

317 1473 410 1513 XV.
433 1476 492 1515 66.
520 1475 615 1516 XX.
636 1478 722 1515 313.
749 1474 862 1513 XXI.
884 1475 945 1512 59.
971 1476 1038 1512 131
1069 1478 1198 1513 πολεῖς
1222 1475 1342 1512 habet.
1382 1474 1480 1512 Vide
1497 1474 1641 1526 Spitzn.
1682 1475 1805 1526 Atque
1829 1477 1868 1513 in
1893 1478 2077 1528 prioribus
2101 1480 2183 1528 qui-

318 1539 400 1574 dem
426 1538 646 1575 editionibus
674 1538 838 1576 wolfius
863 1540 992 1574 πολεῖς
1015 1537 1175 1587 quinque
1199 1537 1246 1574 iis
1269 1537 1373 1584 locis,
1398 1550 1488 1586 quos
1512 1538 1621 1575 modo
1645 1539 1769 1587 citavi,
1794 1539 1967 1586 servavit,
1992 1539 2032 1576 in
2057 1554 2182 1579 recen-

316 1601 456 1638 tissima
483 1602 707 1639 constantiae
732 1614 840 1639 causa
866 1602 1010 1638 πολέας
1031 1599 1227 1637 substituit.
1269 1598 1365 1636 Mihi
1386 1600 1609 1637 contrarium
1628 1602 1757 1649 placet,
1782 1602 1916 1650 ubique
1942 1606 2071 1639 πολεῖς
2094 1605 2184 1640 scri-

318 1663 479 1701 bendum
504 1676 581 1701 esse
605 1675 748 1701 censeo.

1750 1109 1775 1117 .-

493 1729 577 1765 570.
603 1730 688 1766 Sco)
710 1728 969 1774 οὐρανίωνες]
996 1725 1088 1763 Item
1113 1724 1158 1764 ΙΙ.
1176 1724 1308 1763 XVII.
1333 1725 1417 1762 195.
1443 1724 1596 1764 XXIV.
1613 1726 1699 1763 612.
1727 1726 1797 1765 Od.
1823 1726 1910 1764 VII.
1927 1727 2013 1764 242.
2042 1727 2111 1765 IX.
2124 1730 2183 1766 15.

317 1787 427 1827 XIII.
446 1788 507 1827 41.
536 1787 698 1828 wolfius
722 1790 864 1840 primus
889 1790 1143 1837 Οὐρανίωνες
1167 1786 1324 1837 scripsit,
1359 1786 1433 1824 nini
1455 1786 1578 1833 fallor,
1609 1786 1731 1826 Urani
1753 1788 1850 1827 filios
1874 1799 2068 1840 nepotesve
2091 1791 2180 1829 deos

314 1865 393 1889 esse
415 1852 595 1902 opinatus.
647 1851 720 1890 Sed
746 1853 798 1889 dii
823 1854 1023 1889 secundum
1045 1850 1253 1888 Homerum
1279 1850 1430 1886 Oceano
1455 1850 1569 1896 geniti
1600 1860 1706 1897 snut,
1741 1851 1824 1888 vide
1848 1851 1892 1888 11.
1915 1852 2026 1888 XIV.
2050 1854 2123 1889 201
2149 1863 2185 1889 et

0 1897 34 1918 ys.
53 1863 133 1907 Arm
162 1889 190 1907 r:-
209 1885 244 1914 ι),

0 1921 3 1931 7
190 1913 236 1935 xl}
268 1920 271 1926 ,

45 1941 60 1961 Ι
162 1947 164 1958 v

0 1923 138 2012 fh...

317 1915 411 1951 302:
444 1915 646 1952 Ὠκεανόν
670 1928 728 1959 τε,
762 1916 869 1951 θεῶν
895 1915 1072 1962 γένεσιν,
1104 1915 1174 1949 καὶ
1200 1914 1356 1959 μητέρα
1385 1913 1541 1958 Τηθύν,
1579 1926 1671 1962 quae
1694 1913 1807 1951 verba
1831 1912 2011 1964 interpres
2035 1913 2099 1954 Gr.
2125 1928 2183 1965 ap.

316 1976 438 2015 Bekk.
466 1978 516 2015 ita
542 1978 682 2016 reddit:
718 1979 920 2014 Ὠκεανὸν
944 1978 1016 2014 τὸν
1037 1980 1118 2013 τῶν
1141 1978 1250 2012 θεῶν
1276 1976 1445 2023 πατέρα,
1481 1978 1550 2011 καὶ
1576 1977 1732 2022 μητέρα
1756 1977 1832 2022 τήν
1856 1978 2013 2024 τροφόν
2038 1977 2083 2025 (l.
2113 1981 2183 2023 Τη-

318 2041 428 2089 θύν).
464 2040 584 2079 Porro
609 2042 803 2090 vulgarem
828 2040 1045 2091 scripturam
1073 2039 1330 2086 οὐρανίωνες,
1367 2038 1411 2075 ad
1437 2051 1545 2087 quam
1570 2036 1789 2089 Freytagius
1814 2038 1945 2077 merito
1969 2039 2090 2088 rediit,
2122 2040 2183 2077 fir-

315 2113 419 2141 mant
440 2113 582 2142 veteres
612 2105 744 2142 critici.
791 2103 949 2153 Interpr.
976 2103 1039 2141 Gr.
1067 2105 1105 2139 οὶ
1131 2104 1235 2144 θεοὶ,
1277 2100 1415 2149 inquit,
1451 2104 1488 2138 οὶ
1514 2102 1706 2148 οὐράνιοι.
1753 2101 1965 2153 Hesychius
1991 2103 2184 2149 οὐρανίω-

318 2169 405 2216 νας]
431 2167 522 2205 τοὺς
547 2167 624 2204 ὑπὸ
650 2171 723 2205 τοῦ
747 2167 927 2215 οὐρανοῦ
950 2166 1084 2214 ἀρχήν
1108 2165 1383 2213 τεταγμένους.
1430 2162 1564 2215 Aptius
1590 2163 1744 2203 dixisset
1764 2163 1989 2217 Hesychius,
2026 2166 2185 2212 οὐρανί-

319 2241 425 2268 aava?
460 2245 539 2268 esse
571 2245 633 2268 eos
667 2231 773 2278 deos,
813 2233 852 2266 οἳ
877 2230 1053 2276 οὐρανὸν
1078 2229 1202 2276 εὐρὺν
1226 2227 1388 2273 ἔχουσιν
1427 2225 1491 2275 (ΙΙ.
1511 2227 1606 2267 ΧΧ.
1624 2228 1708 2267 299.
1735 2226 1849 2264 XXI.
1865 2228 1950 2266 267.
1977 2227 2048 2268 od.
2072 2227 2103 2267 I.
2122 2229 2183 2268 67.

318 2293 389 2332 IV.
411 2295 495 2332 378.
516 2293 602 2332 479.
628 2293 679 2334 V.
698 2294 781 2332 169.
810 2292 876 2332 Vl.
900 2293 983 2331 150.
994 2291 1079 2332 243.
1107 2290 1198 2330 VII.
1219 2291 1306 2329 209.
1330 2288 1403 2328 XI.
1426 2291 1505 2329 133.
1531 2289 1622 2327 XII.
1644 2289 1728 2327 344.
1755 2289 1866 2328 XIII.
1884 2292 1945 2328 55.
1972 2290 2084 2328 XVI.
2100 2293 2184 2333 183.

318 2357 403 2393 200.
420 2357 504 2394 211.
531 2355 663 2394 XXII.
684 2357 744 2393 39.
771 2355 922 2394 XXIII.
944 2355 1058 2402 280),
1093 2362 1155 2391 ant
1186 2354 1247 2403 qni
1277 2354 1509 2400 ἐπουράνιοι
1543 2352 1789 2404 appellantur:
1828 2351 1873 2392 Il.
1898 2352 1968 2391 VI.
1996 2353 2083 2395 129.
2102 2355 2184 2395 131.

317 2421 402 2458 527.
438 2419 512 2459 od.
535 2419 667 2458 XVII.
685 2420 768 2458 484.
829 2419 978 2456 Etenim
1016 2420 1259 2464 οὐρανίωνες
1295 2415 1430 2464 ubique
1463 2424 1548 2453 sunt
1582 2415 1882 2462 coelicolae,
1931 2415 2025 2464 quod
2059 2430 2184 2454 eorum

318 2495 428 2521 causa
449 2490 598 2529 annom,
623 2482 687 2532 qui
712 2480 756 2520 1Ι.
776 2480 828 2520 V.
852 2481 926 2519 898
953 2481 997 2518 de
1019 2479 1217 2518 Titanibus
1236 2479 1406 2529 cogitant.
1461 2477 1571 2516 conf.
1598 2477 1706 2517 etiam
1732 2477 1776 2515 II.
1797 2478 1847 2516 V.
1861 2480 1945 2516 373.
1972 2477 2083 2516 XXI.
2099 2481 2183 2520 275.
