2313 2979
783 93 1300 135 ——ala—

110 208 347 259 relegandnm
380 220 459 245 esse
493 204 759 256 judicaverunt.
819 204 938 243 Porro
961 204 1008 244 11.
1032 205 1106 243 206
1140 206 1295 243 nullam?
1312 204 1421 242 aliam
1447 204 1493 241 ob
1518 217 1666 242 causam
1690 204 1745 241 illi
1769 206 1885 243 critici
1907 205 1971 242 da-

109 278 295 318 mnarunt,
318 282 428 319 quam
452 268 549 318 quod
574 271 689 317 σφίσι
716 269 761 306 de
785 268 898 305 altera
922 281 1076 318 persona
1103 268 1155 304 ibi
1181 268 1319 305 dictum
1344 275 1409 304 est.
1453 266 1499 306 11.
1527 267 1577 305 X.
1605 268 1691 313 398,
1716 267 1782 303 ubi
1806 269 1893 304 haec
1917 268 1970 304 le-

188 342 272 371 tur:
308 333 435 379 φύξιν
459 332 689 378 βουλεύοιτε
714 331 817 378 μετὰ
843 333 1001 380 σφίσιν,
1036 331 1120 367 οὐδ’
1149 332 1340 374 ἐθέλοιτε,
1372 328 1436 367 alii
1460 332 1702 377 βουλεύουσι
1731 339 1766 368 et
1790 331 1969 368 ἐθέλουσι

111 395 153 432 in
177 393 335 443 gratiam
360 393 509 442 regulae
532 405 619 430 suae
642 393 884 443 scripserunt,
918 392 982 430 alii
1002 400 1118 429 totum
1142 406 1289 431 versum
1315 404 1399 428 cum
1423 391 1562 429 duobus
1587 393 1668 430 aliis
1690 393 1795 430 obelo
1819 393 1971 429 trafixe-

112 464 208 494 runt.
244 454 290 492 11.
311 454 425 493 Xlx.
448 455 519 492 174
546 456 597 492 σύ
622 456 663 492 δὲ
691 459 836 503 φρεσὶν
859 455 952 502 ἤσιν
978 456 1139 501 ἰανθῇς,
1174 468 1265 504 quae
1300 462 1383 491 ante
1409 453 1593 490 VVolfium
1626 456 1773 503 vulgata
1799 455 1887 501 fuit,
1932 454 1972 490 in

115 520 235 567 φρεσὶ
271 521 388 567 σῇσιν
424 525 667 555 mutaverunt.
714 517 909 568 (Attamen
932 516 1115 555 Hesiodus
1146 516 1221 568 Op.
1255 530 1293 555 v.
1316 515 1387 554 381
1423 515 1532 554 dicit:
1583 519 1644 554 σοὶ
1672 518 1708 553 δ’
1737 519 1771 554 εἰ
1798 518 1971 554 πλούτου

117 583 293 620 ἐέλδεται
318 581 364 617 ἐν
390 582 536 630 φρεσὶν
561 579 683 627 ᾖσιν.)
728 579 857 629 Neque
882 580 953 617 Od.
972 578 1001 616 I.
1024 578 1097 616 402
1121 580 1164 616 ad
1189 579 1303 617 verba
1329 580 1511 624 δώμασιν
1535 581 1637 616 οἶσιν
1662 581 1850 617 ἀνάσσοις
1875 581 1974 616 deest

115 645 322 696 conjectura
348 645 505 690 δώμασι
531 649 677 689 σοῖσιν,
720 656 938 693 quamquam
974 642 1014 680 in
1048 641 1117 680 hoc
1141 642 1286 693 quidem
1312 642 1483 693 exemplo
1508 643 1672 693 plerique
1698 643 1973 681 translationem

115 707 162 744 ad
186 707 337 744 alteram
363 719 555 757 personam
578 705 771 754 agnovisse
795 713 831 743 et
854 705 1042 744 admisisse
1066 704 1248 744 videntur.
1312 704 1386 742 Sed
1425 706 1558 742 iterum
1593 706 1765 742 damnant
1804 706 1873 744 od.
1900 705 1969 742 lv.

117 769 189 806 192
223 770 325 806 οἶσιν
361 770 419 806 ἐνὶ
445 770 653 817 μεγάροισι
687 775 889 806 nostrae
923 767 1053 805 domi
1075 776 1122 804 .et
1146 768 1219 805 Od.
1244 766 1355 805 Xlll.
1382 769 1456 806 320
1488 770 1635 817 φρεσὶν
1660 768 1753 815 ἦσιν
1788 782 1888 806 mea
1922 767 1973 805 in

115 840 287 871 mente.
329 831 472 869 Verum
497 832 567 869 hoc
590 831 825 869 temerarium
841 829 1158 869 Aristarcheorum
1180 829 1360 881 judicium
1383 831 1598 881 approbare,
1622 832 1772 869 stultum
1789 840 1850 868 est.
1891 830 1973 881 Ipse

117 894 281 931 Wolfius
307 894 496 942 (Prolegg.
523 908 558 944 p.
579 894 669 938 249)
695 895 877 939 admonet,
903 906 948 929 ne
975 893 1097 929 omnia
1122 894 1167 930 ad
1191 894 1437 930 barbarismos
1462 903 1497 930 et
1523 894 1753 932 soloecismos
1779 894 1973 942 releganda

117 965 241 1008 putes,
278 970 370 1007 quae
394 956 630 995 Aristarchus
654 953 923 1006 compunxerit.
970 952 1053 993 Jam
1077 954 1168 993 aliae
1193 968 1323 993 causae
1348 956 1543 1003 accedunt,
1581 969 1631 993 ex
1652 957 1783 1006 quibus
1807 955 1973 1005 equidem

117 1023 208 1068 ἑῆος
232 1020 322 1057 locis
345 1033 454 1069 supra
480 1019 598 1056 allatis
622 1019 821 1055 tollendum
845 1032 923 1055 esse
947 1017 1247 1056 existimaverim.
1308 1018 1406 1057 Nam
1442 1019 1633 1069 impudens
1665 1021 1830 1069 profecto
1864 1021 1973 1056 homo

118 1091 210 1121 esset
230 1082 405 1126 Achilles,
431 1082 463 1119 si
488 1094 572 1118 cum
597 1089 712 1117 matre
737 1079 984 1117 sermocinans
1009 1080 1259 1127 „nobilem
1280 1080 1425 1118 filium“
1450 1081 1527 1130 ipse
1551 1095 1589 1118 se
1615 1083 1832 1132 appellaret3
1860 1094 1975 1130 neque

119 1145 163 1182 ll.
182 1144 332 1183 XXlV.
347 1145 421 1181 550
444 1145 489 1180 ab
500 1143 647 1180 Achille
672 1142 894 1189 „nobilem
921 1143 1037 1180 filium
1055 1143 1223 1180 Priami“
1248 1143 1446 1180 Hectorem
1466 1144 1539 1180 dici
1558 1145 1731 1181 credibile
1754 1153 1819 1191 est,
1845 1144 1975 1193 quippe

120 1222 229 1257 quem
265 1207 364 1244 idem
387 1205 553 1244 Achilles
588 1206 697 1256 paulo
731 1213 814 1242 ante
845 1205 1204 1243 contumeliosissime
1227 1206 1448 1244 tractaverit.
1498 1206 1540 1244 In
1566 1215 1684 1244 tantas
1708 1207 1862 1257 ineptias
1887 1207 1976 1243 inci-

120 1272 252 1308 derunt
278 1268 508 1318 grammatici
533 1268 778 1318 praejudicata
803 1268 980 1304 sententia
1007 1268 1165 1317 decepti!
1216 1268 1275 1304 Ac
1300 1282 1346 1305 ne
1368 1269 1404 1304 id
1432 1269 1590 1317 quidem,
1614 1270 1708 1318 quod
1733 1270 1975 1306 recentiorum

123 1334 332 1372 criticorum
357 1332 505 1381 qnidam
528 1330 600 1368 sibi
622 1339 892 1381 persuaserunt,
924 1329 1072 1368 concedi
1097 1339 1224 1380 potest,
1250 1331 1326 1377 ἐΰς,
1351 1340 1390 1368 ut
1417 1335 1544 1380 φίλος,
1583 1333 1622 1368 in
1647 1333 1768 1369 locum
1792 1331 1976 1382 pronomi-

122 1395 181 1432 nis
213 1394 408 1444 possessivi
440 1393 632 1430 succedere
666 1405 791 1442 posse:
839 1393 923 1441 quia
957 1393 1053 1428 inter
1083 1394 1147 1429 ε’ῦς
1180 1403 1215 1429 et
1240 1394 1483 1443 possessivum
1508 1395 1607 1430 nulla
1632 1396 1794 1443 profecto
1821 1395 1976 1431 notionis

122 1457 290 1506 cognatio
321 1464 444 1503 extat,
481 1468 573 1505 quae
605 1469 692 1493 sane
717 1463 817 1492 extat
848 1455 943 1493 inter
976 1458 1092 1504 φίλος
1117 1463 1151 1492 et
1175 1457 1430 1505 possessivum.
1483 1456 1553 1493 His
1579 1458 1622 1494 de
1647 1457 1763 1494 causis
1790 1472 1809 1495 a
1836 1457 1977 1495 Wolfio

123 1521 213 1567 ἑῆος
237 1519 364 1557 edente
388 1517 554 1556 dissideo.

296 1582 381 1620 396.
416 1581 517 1619 Ante
528 1580 714 1619 WVolfinm
736 1582 815 1628 γάρ
840 1582 907 1618 σέο
932 1581 1069 1618 editum
1092 1588 1155 1617 est.
1197 1580 1412 1618 Aristarcho
1437 1583 1690 1632 obtemperans
1711 1583 1872 1621 wolfius
1900 1585 1977 1629 γάρ

125 1653 190 1682 σεο
215 1644 368 1695 scripsit.
414 1643 467 1681 At
489 1643 627 1694 optimo
651 1643 732 1693 jure
746 1643 987 1681 Thierschius
1011 1644 1050 1680 in
1072 1642 1232 1683 Gramm.
1261 1646 1291 1689 §.
1312 1644 1397 1681 205.
1421 1645 1467 1681 15
1490 1654 1525 1682 et
1543 1644 1757 1695 Spitzneru's
1780 1646 1981 1694 obloquun-

122 1716 196 1747 tur.
248 1705 441 1758 Conjunge
467 1707 534 1742 σέο
559 1705 716 1742 ἄκουσα
741 1707 969 1753 εὐχομένης.

296 1768 381 1806 400.
417 1772 559 1816 Φοῖβος
579 1770 799 1813 Ἀπόλλων,
829 1783 897 1819 pro
919 1769 1083 1806 Παλλάς
1101 1769 1267 1815 Ἀθήνη,
1302 1768 1409 1805 lectio
1434 1769 1503 1805 suit
1524 1784 1606 1805 cum
1632 1770 1786 1807 aliorum
1807 1779 1883 1806 tum
1909 1769 1980 1807 Ze-

127 1831 265 1871 nodoti.
301 1829 400 1868 Vide
420 1828 559 1870 Scholl.
582 1829 651 1868 BL
671 1831 715 1869 ad
736 1832 770 1870 h.
791 1831 816 1868 l.
844 1829 978 1869 Scholl.
1007 1830 1045 1868 V
1069 1831 1114 1867 ad
1135 1829 1177 1868 ll.
1199 1828 1314 1867 XXI.
1334 1829 1406 1867 444
1431 1839 1464 1868 et
1481 1831 1718 1868 Eustathium.
1747 1832 1848 1880 Quin
1872 1833 1982 1869 etiam

127 1895 252 1934 Schol.
277 1895 323 1931 ad
346 1893 454 1931 Pind.
482 1893 546 1932 Ol.
569 1894 676 1933 VIII.
704 1894 752 1932 41
777 1904 813 1932 et
836 1892 961 1934 Schol.
991 1894 1037 1931 ad
1063 1893 1249 1945 Lycophr.
1277 1892 1338 1938 34,
1363 1894 1436 1931 399
1471 1898 1612 1942 Φοῖβος
1645 1897 1854 1933 Ἀπόλλων
1888 1905 1982 1932 tam-

127 1972 236 2009 quam
258 1957 444 2006 vulgatam
467 1957 636 2006 laudant‚
671 1957 805 2007 illeque
830 1957 950 1995 addit:
987 1958 1061 2004 ούχ
1086 1957 1136 1994 ὡς
1161 1956 1276 1993 ἔνιοι·
1304 1960 1372 1993 καὶ
1398 1959 1559 1994 Παλλάς
1580 1958 1743 2009 Ἀθήνη.
1790 1958 1860 1995 His
1883 1958 1984 1995 testi-

127 2021 262 2059 moniis
295 2020 470 2057 accedunt
505 2020 577 2058 alia
611 2030 838 2068 argumenta.
896 2020 994 2058 Nam
1014 2034 1140 2058 veram
1165 2033 1242 2057 esse
1266 2020 1447 2058 Zenodoti
1470 2021 1660 2058 lectionem
1685 2021 1795 2059 etiam
1820 2035 1869 2059 ex
1895 2036 1984 2058 con·-

128 2097 228 2121 nexu
254 2083 398 2121 fabulae
423 2090 542 2134 patet,
575 2096 685 2134 quam
708 2082 856 2120 tradunt
878 2081 1015 2122 Scholl.
1041 2081 1119 2121 BL.
1146 2082 1247 2119 τινὲς
1283 2083 1324 2119 δὲ
1364 2083 1452 2120 ἀντὶ
1486 2089 1557 2121 τοι)
1584 2084 1739 2131 ’ΛΞήνη
1776 2085 1983 2133 γράφουσι

128 2149 196 2184 καὶ
220 2148 363 2193 Φοῖβος
381 2136 608 2183 Ἀπόλλων·
642 2151 783 2184 τοῦτον
807 2147 886 2195 γάρ
911 2147 1012 2184 εἰκὸς
1037 2147 1303 2193 ἡχὲρευκέναι
1327 2149 1409 2191 Διῒ,
1445 2149 1501 2193 μὴ
1538 2150 1717 2195 φέροντα
1750 2149 1821 2184 τὸν
1858 2151 1984 2194 δῆλον

128 2215 198 2257 τῆς
222 2210 377 2246 ἐκείνου
400 2210 650 2256 τυραννίδος.
689 2209 786 2249 ὅθεν
799 2209 934 2257 ”Ηραν
958 2209 1035 2256 μὲν
1061 2210 1151 2254 δέει,
1186 2208 1278 2246 τούς
1300 2209 1342 2246 δὲ
1371 2208 1599 2259 (Neptunum
1625 2218 1661 2247 et
1683 2209 1910 2260 Apollinem,
1936 2211 1982 2248 cf.

129 2272 173 2311 Il.
196 2270 284 2310 Vll.
310 2270 384 2308 452
407 2284 482 2320 seq.
507 2270 620 2308 XXI.
646 2270 881 2318 441—457)
917 2273 1162 2318 Λαομέδοντι
1196 2271 1421 2308 ὑποτάσσει.
1467 2272 1684 2308 Accuratius
1719 2286 1799 2308 rem
1836 2283 1988 2310 narrant

129 2334 269 2374 Scholl.
302 2332 401 2371 AD:
449 2335 543 2372 Ζεὺς
580 2335 829 2383 παραλαβών
859 2335 935 2381 τήν
970 2335 1014 2371 ἐν
1047 2335 1206 2382 οὐρανῷ
1244 2336 1438 2379 διοίκησιν
1484 2340 1677 2380 περισσῶς
1710 2339 1757 2383 τῇ
1794 2340 1988 2383 πάῤῥησίᾳ

131 2398 295 2445 ἐχρῆτο,
330 2397 457 2434 πολλὰ
479 2398 641 2445 αὐθάδη
669 2398 1020 2445 διαπρασσόμενος.
1065 2399 1271 2434 Ποσειδῶν
1296 2398 1335 2434 δὲ
1363 2400 1430 2434 καὶ
1446 2397 1556 2444 ”Ηρα
1581 2401 1649 2434 καὶ
1669 2399 1880 2436 Ἀπόλλων
1906 2401 1989 2446 [καὶ

129 2459 300 2510 Ἀθηνᾶ]
326 2461 540 2509 ἐβούλοντο
565 2462 689 2499 αὐτὸν
714 2463 903 2509 δήσαντες
931 2460 1137 2501 ὑποτάξαι.
1184 2462 1294 2499 Θέτις
1319 2462 1359 2498 δὲ
1387 2462 1599 2498 ἀκούσασα
1624 2463 1733 2510 παρά
1753 2467 1824 2499 τοῦ
1845 2463 1989 2508 πατρὸς
