2313 2979
380 610 1245 663 Observationes
1335 611 1821 657 criticae

1075 705 1132 742 in

611 799 891 842 Iliadis
949 797 1215 840 librum
1268 800 1588 854 primum.

942 919 1275 941 ΡΞ

175 1015 334 1082 Tama
359 1049 413 1078 est
437 1041 544 1078 hodie
569 1054 711 1090 quoque
735 1039 838 1079 Frid.
864 1042 964 1090 Aug.
992 1039 1124 1080 Wolfii
1145 1042 1361 1088 auctoritas,
1403 1049 1502 1078 tanta
1528 1041 1606 1077 eius
1632 1040 1704 1077 viri
1738 1040 1952 1085 admiratio,
1989 1046 2028 1074 ut

174 1104 365 1142 Wolfiana
401 1104 607 1141 carminum
633 1103 917 1143 Homericorum
951 1103 1062 1141 editio
1087 1104 1253 1142 omnibus
1278 1118 1394 1155 paene
1419 1104 1582 1141 numeris
1606 1103 1770 1142 absoluta
1797 1102 2027 1153 perfectaque

173 1166 356 1217 plerisque
376 1166 554 1204 videatur.
607 1165 730 1214 Atque
754 1165 845 1203 haec
869 1179 944 1204 nou
975 1166 1085 1203 modo
1108 1166 1388 1204 semidoctomm
1413 1165 1604 1204 hominum
1628 1164 1754 1215 opinio
1777 1173 1855 1209 est,
1895 1163 2028 1214 quippe

175 1230 238 1278 qui
262 1229 302 1266 iu
327 1229 441 1268 verba
464 1228 633 1277 magistri
653 1228 764 1271 facile
785 1229 907 1280 jurent
921 1255 933 1277 ,
957 1229 1021 1267 sed
1045 1229 1155 1267 etiam
1174 1229 1352 1280 judicium
1379 1229 1545 1267 virorum
1568 1228 1735 1279 apprime
1760 1228 1965 1274 doctorum,
1989 1234 2028 1262 ut

176 1291 385 1341 Spitzneri,
409 1291 473 1341 qui
493 1291 534 1329 in
557 1290 722 1341 Epistola
746 1292 793 1329 ad
816 1291 967 1331 Godofr.
992 1291 1247 1331 Hermannum
1271 1292 1354 1331 data
1379 1292 1469 1330 baec
1492 1290 1722 1341 pronuntiat:
1772 1289 1896 1338 „sam
1921 1302 2029 1327 nemo

176 1354 323 1402 ignorat
342 1353 484 1393 Frider.
510 1352 610 1401 Aug.
637 1353 821 1391 Wolfium
835 1381 845 1399 ,
881 1353 1037 1392 Homeri
1062 1363 1353 1392 conservatorem
1367 1379 1380 1401 ,
1421 1353 1575 1391 Iliadem
1599 1353 1829 1403 potissimum
1852 1360 1950 1390 tanta
1972 1352 2026 1389 iu-

178 1415 315 1452 dustria
338 1424 508 1465 tantaque
531 1415 729 1453 subtilitate
752 1423 990 1465 pertractasse
1024 1424 1060 1453 et
1093 1416 1138 1453 ad
1162 1415 1341 1454 librorum
1367 1415 1617 1453 auctoritatem
1640 1429 1684 1453 ac
1707 1414 2029 1464 grammaticorum

176 1477 571 1527 praestantissimorum
602 1485 792 1527 praecepta
827 1478 1079 1526 examinasse,
1121 1487 1162 1514 ut
1194 1478 1326 1515 editori
1356 1478 1480 1515 futuro
1505 1476 1598 1513 nihil
1622 1490 1737 1527 paene
1761 1477 1928 1513 relictum
1952 1489 2030 1514 esse

176 1539 413 1578 videram-‚²⁶
462 1538 548 1587 Qua
571 1539 612 1575 in
636 1539 872 1589 persuasione
896 1539 966 1577 boc
988 1548 1110 1577 tamen
1134 1539 1263 1576 mirari
1284 1539 1403 1586 subit,
1427 1541 1523 1588 quod
1547 1540 1645 1576 idem
1668 1539 1728 1576 vir
1750 1540 1874 1575 doctus
1898 1539 1939 1574 in
1963 1551 2028 1575 sua

175 1598 332 1639 Homeri
363 1600 522 1640 editione
549 1601 646 1640 baud
679 1615 765 1640 raro
789 1615 811 1639 a
836 1600 980 1641 Wolfio
1005 1600 1193 1649 dissensit,
1239 1601 1401 1652 aliasque
1426 1602 1599 1640 lectiones
1622 1599 1822 1639 Woffianis
1847 1600 2027 1650 praetulit.

175 1662 223 1699 Et
257 1663 327 1700 hoc
361 1662 508 1712 quidem
541 1671 652 1703 recte.
700 1663 799 1701 Nam
833 1664 875 1701 in
900 1664 970 1701 ista
992 1664 1185 1701 immodica
1209 1663 1346 1701 Wolfii
1373 1664 1613 1701 admiratione
1638 1663 1839 1701 verendum
1863 1671 1939 1709 est,
1983 1676 2030 1699 ne

174 1725 381 1764 auctoritati
404 1725 484 1764 eius
505 1726 580 1765 viri
603 1726 686 1777 plus
710 1726 972 1774 concedamus,
1023 1740 1132 1776 quam
1165 1727 1224 1764 vel
1249 1726 1551 1778 praestantissimi
1576 1724 1649 1764 viri
1673 1724 1878 1762 auctoritati
1901 1738 2030 1764 conce-

176 1789 262 1825 dere
280 1787 400 1827 liceat.
451 1787 548 1825 Mihi
570 1789 717 1837 quidem
731 1814 744 1835 ‚
768 1789 836 1825 etsi
860 1788 1043 1827 Wolfium
1069 1790 1113 1826 de
1137 1788 1360 1826 carminibus
1386 1788 1594 1825 Homericis
1616 1788 1751 1837 optime
1779 1788 1968 1834 meruisse,
1994 1796 2029 1825 et

176 1850 307 1889 melius
331 1863 440 1899 quam
463 1849 655 1889 universos
679 1850 820 1901 priores
844 1851 1013 1899 editores,
1037 1850 1188 1888 minime
1211 1864 1329 1900 nego,
1355 1851 1503 1900 eiusque
1527 1849 1600 1887 viri
1625 1849 1812 1897 ingenium
1837 1857 1873 1886 et
1895 1849 2029 1887 doctri-

175 1927 262 1951 nam
284 1912 466 1963 suspicere
491 1913 604 1961 soleo,
637 1913 801 1963 vulgaris
824 1922 947 1951 tamen
971 1914 1108 1965 opinio,
1134 1914 1173 1950 in
1198 1912 1388 1951 Wolfiana
1411 1913 1568 1951 editione
1593 1912 1859 1950 subsistendum
1884 1911 2030 1962 acquie-

176 1977 419 2024 scendumque
441 1989 532 2023 esse,
553 1989 725 2027 perversa
749 1985 855 2026 atque
877 1977 969 2015 adeo
991 1976 1194 2027 perniciosa
1217 1977 1348 2014 litteris
1369 1978 1526 2014 videtur.
1562 1975 1660 2014 Nam
1675 1975 1836 2012 wolfius
1861 1974 2031 2026 inprimis

176 2039 316 2077 duabus
350 2037 391 2075 in
424 2039 557 2086 rebus,
602 2052 682 2077 mea
707 2039 854 2094 quidem
876 2040 1077 2087 sententia,
1123 2038 1271 2076 editoris
1304 2039 1449 2076 muneri
1484 2047 1520 2076 et
1542 2038 1665 2076 officio
1688 2050 1819 2088 parum
1844 2038 2030 2077 satisfecit.

177 2100 347 2149 Quarum
369 2101 484 2139 altera
509 2109 584 2149 est,
609 2102 706 2152 quod
730 2103 917 2151 vulgatam
941 2101 1158 2149 lectionem,
1183 2115 1401 2151 quamquam
1427 2101 1614 2152 permultis
1635 2100 1675 2139 in
1699 2101 1790 2138 locis
1813 2100 1944 2138 merito
1971 2115 2030 2138 re-

176 2162 288 2215 jecit,
331 2176 407 2218 non
430 2176 516 2202 raro
539 2171 661 2202 tamen
685 2165 822 2215 injuria
846 2164 1046 2214 relegavit,
1081 2173 1143 2202 aut
1167 2164 1206 2201 in
1230 2165 1353 2202 locum
1377 2165 1455 2202 eius
1489 2178 1561 2201 non
1587 2163 1804 2212 meliorem,
1837 2176 1949 2213 quam
1973 2164 2032 2201 of-

175 2226 342 2263 ferebant
365 2226 532 2274 codices,
557 2226 771 2274 lectionem,
795 2228 858 2265 sed
883 2228 1127 2279 conjecturam
1153 2227 1312 2275 aliquam
1336 2236 1398 2264 aut
1422 2227 1577 2264 aliorum
1604 2226 1815 2263 criticorum
1839 2235 1901 2263 aut
1926 2240 2032 2264 suam

175 2296 319 2340 praeter
342 2288 591 2328 necessitatem
611 2290 804 2330 substituit.
855 2289 916 2328 De
934 2290 1048 2328 altera
1071 2304 1133 2337 re,
1166 2302 1256 2338 quae
1277 2289 1385 2327 latius
1409 2297 1527 2340 patet,
1562 2288 1672 2339 paulo
1698 2288 1880 2339 copiosius
1907 2289 2030 2327 dicen-

174 2352 263 2388 dum
288 2359 350 2388 est.
403 2349 589 2399 wolfius,
632 2366 849 2401 quamquam
875 2352 1060 2390 codicibus
1086 2351 1289 2390 carminum
1312 2351 1595 2389 Homericorum
1621 2359 1657 2387 et
1682 2351 1904 2388 editionibus
1929 2352 2029 2403 typis

175 2412 359 2464 expressis
383 2413 492 2462 longe
516 2412 609 2452 alios
631 2416 749 2453 fontes
774 2414 852 2465 ipse
877 2414 1106 2465 praeposuit,
1133 2413 1265 2465 partim
1289 2414 1505 2464 scriptorum
1531 2426 1677 2462 eorum,
1715 2413 1779 2463 qui
1804 2412 2030 2451 Alexandri-

176 2488 243 2514 nos
267 2476 412 2515 criticos
436 2483 551 2515 aetate
574 2478 823 2519 antecedentes
846 2477 1042 2518 Homerica
1067 2478 1236 2522 laudant,
1275 2477 1484 2523 imitantur,
1515 2476 1727 2528 explicant,
1753 2476 1886 2527 partim
1913 2475 2027 2516 Scho-

1735 2542 1754 2577 l
1780 2544 1797 2562 ss
